3178 4962
214 290 278 352 ‘220
319 307 487 378 Trearraonp
505 311 560 364 der
579 307 685 364 kircld.
704 325 735 362 a.
752 279 1143 376 polar.'a1errarearauer
1161 309 1255 361 Erzd.
1275 307 1407 362 Olmdta.

328 480 421 546 Libro
445 480 656 563 copulatorum
678 479 721 564 A)
745 480 941 546 rnabirnonia
962 479 1067 544 civilia
1090 480 1174 544 nullo
1194 479 1283 543 modo
1300 477 1460 542 inferenda

216 603 294 661 esse,
317 604 371 666 per
394 605 425 649 se
450 586 563 667 liquet,
588 585 639 648 sed
664 585 835 649 evidentiae
863 584 1030 648 servandae
1058 603 1150 648 carisa
1180 583 1269 666 juxta
1302 583 1458 666 vigent-am

215 687 321 754 adbuc
342 708 482 754 normam
503 689 731 754 dioecesaneam
764 688 945 772 (instructio
967 688 1083 752 Nostra
1108 706 1163 770 pro
1187 687 1276 751 Claro
1296 686 1328 748 in
1359 685 1460 748 causis

216 791 495 862 matrimonialibus
518 793 555 858 de
576 793 638 859 dto.
665 794 714 858 10.
739 793 827 858 lunii
853 793 934 858 laos
958 792 1014 857 sub
1035 791 1122 874 ΧΗ.)
1143 791 1177 855 in
1205 788 1355 874 peculiari
1375 809 1460 854 com·

161 905 162 908 ’
217 895 332 978 pagine
357 897 545 962 adnotanda.

320 1000 427 1082 Quoad
448 1001 562 1066 libmm
576 1019 646 1066 raro
670 1001 709 1082 B)
723 1020 775 1082 pro
799 1017 856 1064 usu
878 999 963 1066 civili
984 999 1154 1084 gerendum
1176 996 1308 1064 duratus
1331 996 1457 1079 quidem

217 1104 420 1183 personaliter
442 1105 505 1169 tale
528 1105 723 1182 connubium,
747 1106 786 1168 ab
812 1105 949 1169 Ecclesia
979 1122 1099 1186 semper
1128 1103 1326 1185 reprobatum
1360 1102 1457 1181 atque

216 1205 376 1288 rejectum,
401 1228 462 1290 qna
483 1209 713 1274 matrimonium
737 1211 839 1273 ratum
862 1211 895 1273 et
916 1209 1054 1273 ualidum
1077 1206 1209 1271 seribere
1238 1207 1353 1288 absque
1385 1223 1461 1268 snae

217 1309 420 1391 persuasionis
443 1313 475 1376 et
497 1311 700 1376 conscientiae
723 1312 857 1376 laesione
879 1312 987 1394 utique
1011 1309 1227 1385 convalebit,
1251 1308 1367 1391 poterit
1387 1314 1462 1372 iero

219 1412 345 1477 officiali
374 1414 479 1490 civili,
503 1416 708 1480 eventualiter
738 1417 820 1480 bunc
852 1416 885 1480 in
916 1415 1007 1480 finem
1042 1413 1226 1479 subsidiaria
1257 1411 1461 1494 comparenti,

219 1515 333 1578 librum
356 1536 410 1598 pro
429 1517 486 1580 tali
510 1518 708 1601 inscriptione
733 1518 871 1583 facienda
894 1518 1027 1585 tradere.

322 1619 407 1683 Idem
431 1623 614 1703 procedendi
628 1623 735 1687 modus
757 1622 791 1686 in
811 1643 845 1688 co
866 1642 984 1706 qnoque
1007 1620 1281 1698 casnobserretnr,
1304 1621 1331 1684 si
1355 1616 1462 1683 forsan

219 1723 458 1803 matrimonium,
482 1726 561 1809 qnod
583 1745 636 1808 pro
661 1727 725 1792 toro
746 1726 903 1791 Ecclesiae
927 1726 1103 1790 nullatenus
1133 1725 1289 1801 vitiatum,
1316 1723 1369 1787 sed
1392 1741 1459 1785 om·

219 1825 291 1891 nino
316 1828 452 1892 validum
473 1819 531 1906 cst,
550 1849 604 1912 pro
626 1831 692 1895 foro
714 1831 797 1895 civili
821 1829 990 1894 invalidum
1005 1831 1036 1894 et
1060 1829 1178 1893 nullum
1200 1827 1293 1892 irrerit
1315 1826 1459 1890 declara·

219 1933 413 2014 temetque
436 1935 572 2013 potestas
592 1935 692 1999 civilis
715 1935 953 2000 declarationem
975 1933 1049 1998 talis
1070 1932 1224 1996 nullitatis
1235 1931 1313 1996 libro
1334 1930 1460 2012 copula-

220 2038 321 2099 tornm
342 2036 447 2099 inferri
465 2037 609 2118 juberet3
631 2056 658 2103 e.
681 2057 709 2122 g.
738 2038 859 2120 quando
883 2037 1114 2100 matrimonium
1138 2054 1192 2118 pro
1222 2035 1289 2100 foro
1307 2034 1403 2098 cirili'
1424 2053 1461 2097 ea

221 2139 258 2201 de
281 2158 375 2204 cansa
397 2140 519 2203 nullam
543 2141 733 2206 declaratum
755 2142 859 2218 fuerit,
881 2143 953 2224 qnia
976 2159 1086 2225 sponsa
1107 2141 1233 2204 atertio
1242 2139 1461 2222 impraegnata

218 2242 288 2320 init,
314 2261 483 2325 sponsoque
502 2243 578 2310 baec
602 2230 835 2312 circumstantia
856 2247 888 2310 in
912 2244 1118 2311 contrahendo
1141 2263 1198 2308 non
1228 2245 1295 2307 erat
1324 2242 1459 2326 cognita.

145 2395 150 2401 .
236 2367 255 2382 ·⁴
324 2349 358 2425 3)
381 2348 470 2428 Quod
492 2350 606 2415 attinet
629 2353 785 2416 extractus
801 2352 988 2427 matricolas,
1008 2351 1116 2432 utique
1138 2349 1170 2412 in
1183 2346 1314 2432 singulis
1337 2346 1460 2412 casibus

219 2451 400 2515 desumendi
423 2454 514 2517 erunt
535 2455 624 2533 libro,
649 2475 738 2538 quem
762 2475 851 2520 casrrs
876 2455 1015 2538 respicit,
1042 2455 1062 2520 i.
1092 2473 1118 2518 e.
1150 2452 1275 2546 quando·
1305 2468 1380 2515 usus
1408 2470 1460 2514 er·

218 2556 337 2619 tractus
360 2556 531 2621 matricalis
553 2558 608 2623 fiet
630 2559 662 2623 in
686 2560 750 2624 foro
763 2561 928 2636 Ecclesiae,
949 2577 1051 2624 coram
1065 2555 1274 2640 qualicunque
1287 2553 1388 2620 officio
1411 2573 1461 2618 ee·
1490 2615 1495 2619 .

218 2659 400 2737 elocissima,
427 2661 592 2726 matricae:
642 2663 701 2748 rit)
735 2683 787 2746 pro
821 2665 926 2727 usibus
957 2660 1211 2741 ecclesiasticum
1241 2658 1459 2740 quandovero

219 2782 292 2827 usus
314 2763 369 2828 fiet
390 2765 421 2828 in
444 2765 507 2829 foro
530 2765 623 2844 civili,
647 2785 750 2832 coram
770 2767 975 2850 qualicunque
1008 2765 1109 2830 cilicio
1139 2763 1328 2846 reipublicae
1356 2763 1460 2844 prof-

218 2886 284 2946 nae,
304 2866 439 2949 politico,
455 2869 527 2934 'sive
545 2871 698 2952 judiciali,
725 2873 879 2936 extractus
892 2869 1064 2934 matricalis
1084 2867 1293 2932 desumendus
1313 2866 1374 2930 erit
1395 2885 1460 2929 rna-

218 2971 333 3036 tricae:
360 2973 419 3054 ›ss)
438 2993 493 3055 pro
516 2976 624 3039 usibus
647 2977 818 3054 civilibus«
844 2975 938 3058 idque
962 2975 1056 3038 etiam
1076 2972 1107 3036 in
1137 2969 1202 3054 ipso
1235 2971 1376 3035 extracta
1407 2988 1460 3033 no-

218 3075 357 3140 tandum¹

821 3217 862 3284 Il.

321 3371 399 3446 Eum
419 3373 485 3456 jam
506 3375 539 3438 in
563 3374 715 3457 aliquibus
737 3376 890 3456 parochiis
914 3373 1086 3440 collisiones
1109 3371 1229 3436 ratione
1255 3368 1460 3434 matricarum

217 3477 421 3562 gerendamm
443 3479 525 3542 inter
545 3479 646 3562 legem
680 3481 921 3544 ecclesiasticam
955 3481 987 3542 et
1018 3477 1174 3559 vigentem
1204 3474 1307 3558 legem
1339 3473 1461 3538 civilem
1569 3481 1570 3512 l

218 3582 341 3646 exortae
361 3580 589 3664 dignoscantur,
615 3583 784 3664 respective
805 3582 930 3646 violatio
951 3581 1139 3645 cbamcteris
1162 3577 1367 3644 ecclesiastici
1388 3577 1461 3642 libri
1569 3659 1570 3670 ἵ

217 3684 415 3767 parochialis
433 3685 615 3766 praesertim
635 3687 770 3750 violenta
792 3685 990 3768 inscriptione
1011 3683 1056 3746 sic
1079 3682 1155 3746 dicti
1174 3681 1365 3746 matrimonii
1388 3681 1461 3746 civi·
1569 3719 1570 3734 κ

219 3789 260 3879 lis
281 3790 383 3854 locum
406 3789 591 3866 obtinuerit;
616 3790 778 3867 volumus,
800 3791 837 3852 ut
856 3788 1014 3854 decretum
1045 3785 1194 3851 Nostrum
1222 3785 1260 3849 de
1293 3784 1461 3867 duplicium

219 3892 420 3957 matricamm
443 3893 581 3977 gestione
604 3893 636 3958 in
659 3893 774 3958 talibus
795 3893 873 3958 locis
901 3896 1068 3974 retroeunt.
1115 3889 1307 3972 Quapropter
1334 3888 1462 3952 manda·
1569 3905 1570 3972 ᾗ

219 4015 299 4075 mus,
321 3997 357 4060 ut
375 3996 407 4060 iu
433 3996 577 4074 Curatiis,
600 3996 654 4060 ubi
676 3996 849 4061 collisiones
865 4010 964 4076 supra
982 3992 1169 4075 indigitatae
1193 3993 1378 4069 armarunt,
1402 3989 1460 4054 du·
1569 4053 1570 4076 ,

219 4101 288 4182 pler
309 4101 510 4165 matricamm
526 4100 634 4183 ⁴gestio
654 4104 692 4164 ab
717 4103 842 4164 coactu
866 4097 1041 4174 matriculi,¹
1057 4113 1148 4178 super
1168 4115 1227 4178 quo
1247 4093 1323 4159 talis
1345 4093 1462 4158 collisio

219 4205 324 4268 exorta
347 4204 415 4285 fuit,
437 4205 614 4289 incipiatur,
636 4220 802 4286 omnesque
824 4202 1057 4284 subsequentes
1076 4198 1163 4262 actus
1190 4199 1222 4261 in
1254 4197 1371 4263 librum
1396 4196 1463 4282 »Al
1569 4199 1570 4258 l

219 4327 273 4391 pro
296 4307 403 4389 usibus
424 4308 658 4396 acclamasticis«
685 4295 914 4383 describantur,
948 4307 979 4368 ct
1009 4302 1087 4367 liber
1110 4301 1243 4366 violatus
1275 4320 1329 4384 pro
1359 4301 1464 4365 tuturo
1569 4297 1570 4346 ἶ

221 4410 472 4494 inscriptionibus
492 4430 547 4494 pro
569 4429 625 4475 usu
650 4409 734 4474 civili
757 4410 938 4474 reservetur.
1222 4403 1223 4408 ’
1569 4399 1570 4404 ’

323 4517 492 4600 Eapropter
514 4513 707 4579 Reverendos
731 4511 877 4576 Dominus
905 4513 1045 4577 Eccanos
1075 4506 1236 4586 foraneus,
1270 4505 1302 4572 in
1334 4525 1463 4592 quornm
1569 4587 1570 4590 Ἴ

221 4618 414 4685 districtibus
437 4617 614 4705 buJ'usmodi
637 4633 738 4681 casus*
747 4616 814 4699 jam
838 4615 1035 4693 acciderant,
1057 4613 1241 4698 obligamus
1264 4613 1322 4694 nt,
1335 4612 1464 4695 desuper
1569 4605 1570 4694 f
