3178 4962
250 256 421 326 Sumerety.
458 215 644 321 Necessitas,
662 235 699 311 at
715 259 819 328 propte
837 230 980 328 linguam
999 259 1113 314 calleat
1129 263 1248 328 pastor.
1307 243 1372 308 245

128 433 248 514 gratae.
294 429 345 494 Sic
367 429 399 492 in
422 427 612 494 Concordato
644 427 795 494 Bavarico
819 427 856 494 de
879 448 958 495 anno
982 430 1064 495 1817
1093 430 1224 498 articulo
1246 433 1302 500 XI.
1325 432 1372 510 ita

126 534 314 616 stipulatur:
363 531 513 615 »Reliqua
537 551 607 598 vero
622 532 785 598 ,Beneficia
810 531 918 598 omnia
945 533 1010 598 tam
1031 533 1246 614 Paroohialia,
1277 555 1371 618 quam

126 639 252 721 Curata,
276 657 312 704 ac
335 635 493 719 Simplicia
516 687 523 706 .
548 687 555 703 .
576 690 583 705 .
607 636 704 702 libere
727 636 766 702 ab
786 636 1034 722 Archiepisoopis
1058 640 1090 704 et
1110 638 1268 722 ltpiscopis
1301 658 1370 724 per·

126 744 210 812 sonis
233 743 400 828 Majestott
423 740 507 806 Suae
524 740 627 825 protis
651 740 875 807 conferentur«

229 847 266 913 In
284 845 377 910 Brevi
401 846 507 910 antem
532 843 675 928 >Optime
699 845 835 925 nostis«,
856 845 935 929 quod
960 845 1034 912 Pius
1056 846 1112 913 IX.
1136 847 1166 914 d.
1190 847 1220 914 d.
1243 847 1273 916 5.
1302 845 1384 924 Nor
1431 862 1441 880 ⁸

127 951 263 1018 uembris
281 940 426 1016 1855‘ao
449 948 614 1035 Episcopus
634 949 782 1022 Austriae
803 948 898 1030 dedit,
923 970 943 1015 u
981 952 1129 1017 nonnulla
1161 951 1201 1016 ad
1221 969 1312 1016 usum
1336 951 1368 1017 et

124 1056 334 1122 executionem
357 1053 541 1122 concordati
560 1053 748 1138 pertinentia
771 1053 912 1138 explicet,
934 1053 981 1126 ita
996 1055 1119 1140 eosdem
1130 1054 1238 1140 jubet:
1267 1054 1365 1120 »Tum
1398 1100 1402 1105 ι

123 1161 155 1226 in
179 1159 353 1245 parochiis,
377 1160 445 1224 tum
472 1158 505 1224 in
537 1158 605 1224 aliis
632 1158 853 1245 ecelesiasticis
883 1158 1251 1226 benefieiieconferendis
1275 1179 1366 1224 curae

124 1264 220 1331 Vobis
244 1265 313 1342 erit,
337 1265 373 1328 ut
393 1263 433 1327 ad
456 1261 685 1330 illaminimeii
707 1262 863 1348 eligantur
876 1262 1079 1329 ecclesiastici
1095 1263 1162 1344 siri,
1188 1263 1241 1348 qui
1256 1263 1359 1328 Caesa·

122 1389 195 1436 reae
216 1370 247 1435 et
269 1367 465 1452 Apostolicae
489 1366 648 1458 Majestati
669 1364 750 1433 Suae
773 1367 875 1432 minus
896 1367 959 1432 sint
982 1366 1131 1452 accepti<

227 1471 299 1539 Jam
323 1490 394 1536 vero
417 1472 578 1537 extraneus
599 1470 650 1537 vix
671 1491 819 1559 umquam
842 1471 902 1537 erit
923 1473 1078 1557 aceeptus.

228 1574 432 1641 Probavimus
449 1575 565 1659 itaque,
589 1575 668 1640 hanc
692 1595 757 1641 esse
780 1577 916 1641 mentem
928 1573 1016 1640 Sedis
1029 1575 1233 1658 Apostolioae,
1257 1577 1293 1641 nt
1311 1597 1364 1641 err·

122 1681 227 1746 tranet
247 1679 284 1744 ab
309 1678 515 1762 adipiscendis
542 1679 699 1744 beneficiis
720 1678 938 1746 ecclesiasticis
960 1681 1142 1760 arceantur,
1172 1679 1252 1764 qnod
1276 1680 1363 1746 Rom.

123 1783 266 1849 Pontifex
287 1782 485 1848 Innocentius
509 1783 568 1850 lIl.
581 1782 675 1847 etiam
697 1783 800 1867 palam
817 1781 1012 1848 annuntiavit
1034 1782 1067 1847 in
1090 1782 1247 1862 decretali,
1271 1803 1364 1866 quam

122 1887 163 1953 ad
187 1877 459 1970 Archiepiscopum
481 1888 514 1953 et
537 1885 716 1970 Capitulum
738 1885 918 1969 Capuanum
942 1883 1048 1965 dedit,
1077 1905 1156 1970 quae
1178 1887 1210 1951 in
1232 1885 1364 1970 corpore

122 1990 211 2058 Jurie
233 1990 389 2070 Canonioi,
412 1990 588 2074 etquidem
610 1990 642 2055 in
666 2008 732 2074 cap.
759 1991 807 2055 19.
831 1990 870 2056 de
897 1987 1047 2057 electione
1069 1990 1109 2057 X.
1132 1990 1158 2056 1.
1184 1991 1214 2056 6.
1245 1988 1363 2073 reperi·
1426 2015 1428 2018 ·

121 2096 184 2176 tur,
208 2097 241 2160 et
258 2095 293 2180 in
314 2113 374 2178 qua
395 2131 440 2144 -
460 2096 537 2178 puta
556 2094 590 2160 in
613 2096 701 2179 parte
724 2094 829 2160 decisa
850 2131 888 2142 -
911 2095 958 2159 ita
980 2095 1115 2180 legitur:
1164 2093 1271 2160 »Dicet
1288 2098 1363 2160 oda·

123 2205 191 2264 turri
213 2199 393 2280 reperiatur
414 2200 449 2264 r'rr
471 2220 587 2266 corone
609 2205 643 2266 at
664 2206 736 2266 turre
758 2201 838 2266 atter
860 2199 898 2264 dc
919 2200 1023 2265 attero
1053 2199 1199 2266 Ecclesia
1210 2199 1234 2281 ¹)
1263 2198 1361 2280 elipa-

123 2309 182 2384 tur,
208 2303 396 2369 carnrarttas
418 2303 598 2385 improprio
613 2303 1028 2386 fruerttrcpertasr‘dorrcrrs:
1053 2354 1060 2370 .
1086 2352 1093 2368 .
1115 2355 1122 2370 .
1147 2353 1154 2369 .
1178 2300 1360 2386 praesertim

121 2399 193 2490 cum
216 2406 293 2471 illud
318 2406 476 2472 decretum
497 2405 599 2472 locum
632 2407 746 2473 habere
768 2407 928 2486 videatur,
952 2407 1074 2492 quando
1103 2407 1230 2474 Clericis
1260 2408 1292 2472 et
1313 2405 1361 2470 in-

120 2510 195 2576 uitis
216 2530 270 2594 per
291 2511 422 2596 alicujus
445 2510 623 2577 violentiam
646 2511 810 2596 potestatis
832 2519 1001 2578 retroccus
1020 2511 1174 2597 ingeritur
1196 2530 1232 2576 ex
1252 2509 1361 2576 adver·

84 2654 94 2662 -
119 2634 169 2681 so:
193 2616 316 2698 propter
339 2615 420 2698 quod
442 2615 582 2698 sequitur
603 2615 639 2680 r'rr
659 2616 798 2694 decreto,
818 2622 853 2682 ut
881 2618 925 2682 stt
942 2615 1084 2699 facultas
1107 2614 1242 2682 Otrrr'cr‘s
1270 2615 1357 2680 reai-

118 2719 215 2796 terrdr',
237 2719 264 2784 si
286 2738 318 2785 se
341 2718 475 2786 uiderint
495 2717 702 2804 praegravari,
726 2721 758 2784 et
777 2739 853 2803 qnos
875 2720 976 2804 ingeri
998 2719 1058 2784 eibi
1081 2719 1217 2785 uiderint
1246 2737 1283 2783 ex
1305 2717 1358 2784 ad-

118 2841 225 2902 uerso,
246 2825 370 2908 propter
392 2823 472 2908 quod
495 2843 528 2888 se
551 2843 610 2888 non
635 2823 766 2888 timeant
790 2823 955 2890 refutare«
1104 2820 1108 2826 “
1379 2897 1381 2901 Ι

226 2927 288 2993 (tur
319 2929 424 2994 autem
455 2926 523 3012 loge
545 2925 755 2993 ecclesiastica
775 2925 916 2992 ertrorrer'
944 2925 1130 3012 regulariter
1159 2923 1362 2989 exeluduntur

118 3032 160 3097 ab
180 3030 354 3096 obtinendis
371 3031 526 3098 beneficiis
543 3030 783 3097 ecclesiasticis?
827 3031 940 3097 Procul
953 3028 1046 3096 dnbio
1067 3029 1247 3113 praesertim
1269 3049 1361 3113 prop·

118 3139 216 3214 terea,
240 3135 320 3219 quod
340 3121 447 3202 careat
463 3121 581 3218 peritia
604 3135 729 3218 dioptrae
743 3135 883 3217 patriae.
929 3133 1008 3218 Quia
1032 3133 1176 3199 nimirum
1193 3153 1248 3199 nec
1268 3125 1360 3217 iupis-

119 3259 195 3323 copo
218 3259 274 3304 neo
296 3241 433 3305 Parocho
450 3240 591 3324 ignorare
606 3240 660 3318 ,fas
676 3241 724 3306 est
741 3238 883 3324 linguam
906 3240 955 3308 vel
967 3239 1123 3306 Dioecesis
1144 3259 1217 3305 suae
1237 3239 1286 3305 uel
1300 3239 1361 3304 Pa·

120 3344 261 3422 rochiae,
281 3347 317 3408 ut
338 3346 370 3408 et
393 3344 504 3410 Pastor
528 3343 632 3428 gregis
657 3345 689 3408 et
711 3363 784 3428 grex
807 3343 946 3409 Pastoris
968 3343 1104 3409 vicissim
1128 3362 1231 3408 vocem
1256 3343 1377 3431 andire

120 3452 154 3514 et
179 3435 261 3514 uotis
290 3449 415 3531 obsequi
435 3447 555 3531 possit,
574 3447 646 3514 hinc
668 3447 824 3513 beneficiis
854 3448 1043 3534 abiguntur,
1078 3448 1130 3532 qui
1164 3448 1256 3514 nudes
1290 3448 1362 3512 sunt

120 3551 279 3618 vernaculi
301 3550 403 3616 ovium
433 3551 591 3616 sermonis.
636 3549 727 3616 Hanc
761 3553 844 3617 certe
865 3551 1033 3630 Germani,
1054 3552 1133 3617 hanc
1154 3551 1259 3638 Galli,
1283 3550 1363 3624 hanc

121 3656 256 3740 Hispani
278 3691 323 3703 -
339 3657 379 3748 ,ut
399 3655 532 3721 uidimus
558 3655 798 3738 --primariam
828 3675 952 3722 causam
984 3655 1185 3740 allegabant,
1208 3655 1246 3721 ob
1269 3674 1363 3738 quam

121 3764 283 3827 extraneos
311 3781 372 3844 qua
395 3761 537 3826 Pastores
571 3757 771 3826 abhorebant.
817 3760 984 3846 Indigenas
1008 3762 1113 3826 autem
1135 3745 1363 3844 anteponuntur

121 3864 290 3932 universim
313 3865 642 3948 extraneistamquam
665 3863 764 3948 magis
777 3865 878 3930 idonei
890 3866 1013 3950 propter
1036 3865 1161 3950 linguae
1182 3883 1362 3948 morumque

120 3969 275 4055 peritiam.
299 3966 333 4035 Si
357 3969 438 4034 enim
462 3967 626 4053 indigenae
649 3968 720 4048 sint,
734 3970 826 4033 erunt
848 3971 879 4034 et
903 3968 1361 4053 vernaculaelinguaecallen-

120 4078 180 4140 tes.
225 4071 307 4158 Lege
328 4092 401 4157 ergo
425 4075 457 4139 et
479 4073 565 4157 praxi
588 4071 808 4152 ecelesiastica,
833 4075 1028 4156 quaerebat,
1052 4094 1089 4140 ne
1112 4073 1265 4140 extraneis
1289 4093 1362 4140 con·

120 4178 262 4244 ferantur
283 4177 433 4242 beneficia
453 4176 673 4255 ecclesiastica,
697 4195 732 4241 eo
754 4171 819 4260 ipso
844 4177 940 4244 etiam
958 4178 1084 4245 cautum
1107 4180 1164 4257 cst,
1187 4180 1225 4243 ne
1248 4176 1361 4261 praefi·

121 4283 245 4348 riantur
267 4282 564 4366 populisPastores,
586 4281 640 4367 qui
663 4299 720 4346 non
742 4280 921 4366 intelligant
942 4283 973 4348 et
994 4281 1160 4366 loquantur
1188 4281 1274 4347 illius
1304 4279 1365 4347 loci

227 4421 255 4491 1)
274 4422 346 4479 Olim
364 4422 463 4493 quippe
482 4425 624 4478 extraneus
642 4419 828 4490 reputabatur,
847 4421 895 4492 qni
912 4437 965 4476 non
984 4421 1104 4492 ejusdem
1122 4425 1193 4478 esset
1217 4437 1248 4478 ex
1273 4421 1364 4479 Eccle-

120 4508 178 4565 eiae
195 4510 314 4579 gremi03
331 4525 402 4565 nuno
421 4510 469 4580 qui
484 4526 538 4564 non
557 4525 589 4564 ex
607 4506 700 4564 eodem
717 4511 759 4564 est
782 4526 865 4580 regno
883 4508 1019 4566 oriundus.

227 4595 387 4653 Thomassin
406 4597 436 4653 P.
454 4595 492 4652 ll.
510 4596 529 4652 1.
549 4594 572 4651 1.
591 4612 648 4667 cap.
671 4595 728 4654 103.
747 4614 773 4652 n.
792 4597 817 4653 9.
