3178 4962
289 268 459 338 spaeram.
493 267 676 332 Necessitas,
694 271 730 322 at
746 268 850 336 propa
868 267 1012 338 Mapoura
1030 265 1144 322 calleat
1158 271 1280 336 pastor.
1343 248 1407 326 253
1489 259 1491 264 ’

269 441 311 506 Mt
333 439 498 505 concordat
517 429 797 524 proiecto-Regula
821 437 1030 511 isthaeccum
1059 439 1135 520 jare
1164 437 1279 503 diolco.
1324 437 1406 502 Nem

166 547 205 612 ad
226 546 415 630 Prophetam
438 543 629 611 Ezechielem
653 545 691 628 (c.
716 543 774 610 III.
798 563 826 610 v.
860 545 889 610 5.
912 543 955 626 6.)
987 543 1034 608 lta
1064 543 1200 626 loquitur
1233 541 1406 608 Dominus:

168 651 258 716 »Non
279 651 362 714 enim
385 651 423 717 ad
445 651 593 734 populum
621 649 764 740 prolundi
796 649 961 735 sermonis,
990 649 1022 712 et
1053 647 1179 732 ignotae
1210 646 1337 731 linguae
1371 648 1408 712 tn

161 753 301 820 mitteris
321 754 360 820 ad
381 755 514 819 Domum
536 754 651 832 Israel,
677 771 806 836 quorum
828 771 887 818 non
910 752 1007 836 possis
1031 751 1139 816 audire
1161 769 1348 819 sermones«

268 858 311 923 at
333 857 499 941 Apostolus
522 857 664 943 gentium
683 857 717 921 in
738 856 831 939 priori
851 873 909 920 sua
931 856 968 921 ad
992 854 1169 921 Corinthios
1181 840 1313 938 epistole
1336 873 1402 938 cap.

168 963 217 1029 14.
239 981 267 1030 v.
292 963 341 1029 ll.
365 961 427 1028 ait:
475 961 527 1030 »Si
550 981 622 1046 ergo
644 961 778 1026 nesciero
801 961 949 1026 vittatam
970 960 1064 1036 vocis,
1087 977 1138 1024 ero
1163 959 1201 1039 ei,
1226 959 1275 1024 cui
1297 958 1407 1041 loquor

149 1066 325 1143 barbarus,
346 1067 379 1130 et
401 1065 453 1149 qui
473 1065 612 1149 loquitur
635 1064 712 1150 mihi
739 1063 918 1148 barbarus«
969 1063 1010 1130 Mt
1037 1063 1152 1128 iterum
1183 1079 1213 1128 v.
1241 1063 1289 1128 9.:
1335 1063 1405 1127 »Ita

164 1171 198 1235 et
219 1187 273 1234 vos
292 1187 346 1252 per
366 1169 523 1253 linguam,
546 1168 607 1233 nisi
630 1167 830 1233 manifestum
858 1187 1030 1234 sermonem
1061 1167 1227 1244 dederitis,
1256 1166 1406 1250 quomodo

164 1274 282 1340 scietur
301 1272 344 1351 io,
367 1271 447 1354 quod
469 1271 605 1337 dicitur?
628 1272 715 1336 eritis
736 1273 817 1338 enirn
841 1272 873 1336 in
894 1278 986 1338 atrae
1007 1272 1197 1356 loquentes<

271 1375 443 1447 concordat
465 1375 573 1441 itidem
605 1395 675 1441 cum
704 1375 783 1442 Iure
812 1377 972 1443 canonicos
1013 1376 1156 1446 Vidimus
1184 1374 1265 1441 enim
1303 1394 1406 1458 supra,

164 1482 241 1565 quid
253 1479 441 1546 ordinaverit
460 1479 655 1546 Innocentius
668 1479 725 1547 lll.
749 1479 782 1544 in
806 1499 871 1563 cap.
896 1481 946 1545 14.
972 1478 1162 1560 ›Quoniam‹
1174 1478 1213 1542 de
1234 1477 1335 1543 alticio
1355 1479 1405 1562 ju·

164 1586 244 1650 dicis
265 1566 419 1650 ordinarii
434 1583 473 1649 X.
496 1582 638 1668 (Lea).
665 1619 704 1630 -—
739 1583 781 1648 Mt
812 1603 853 1650 ss.
885 1582 1058 1649 Concilium
1074 1581 1302 1656 ‘Tridentmum
1333 1601 1406 1648 sess.

104 1711 109 1714 ·
163 1689 281 1756 XXIV.
305 1709 362 1774 cap
382 1689 411 1754 7.
435 1688 472 1752 de
494 1687 651 1753 reformat.
674 1687 720 1752 ita
743 1688 871 1765 statuit:
1353 1694 1355 1700 “

248 1779 252 1784 ’
325 1791 386 1858 »Ut
408 1791 508 1856 fidelis
525 1791 655 1874 populus
685 1790 725 1857 ad,
748 1791 942 1874 suscipienda
975 1793 1169 1856 sacramenia
1198 1791 1308 1875 majori
1336 1811 1406 1856 curn

276 1895 466 1972 »reverentia
489 1898 580 1979 atque
603 1895 699 1960 animi
715 1895 876 1966 devotione
897 1894 1034 1974 accedat,
1054 1895 1206 1978 praecipit
1226 1894 1405 1979 sanctaSy-
1496 1903 1498 1907 '
1570 1883 1571 1890 ἵ

276 1999 392 2066 »nodas
412 2000 561 2083 episcopis
584 2000 736 2078 omnibus,
762 2001 876 2065 utnon
900 1997 999 2064 solum
1021 2018 1091 2064 curn
1114 1999 1191 2066 haec
1211 2019 1264 2084 per
1286 1995 1406 2082 'seipsos

278 2086 389 2171 seruiit
410 2103 521 2186 populo
544 2102 801 2182 administranda,
825 2103 911 2185 prius
932 2101 1057 2168 illorum
1080 2104 1143 2168 vim
1164 2105 1208 2168 ‘et
1238 2121 1330 2168 nsum
1351 2117 1405 2186 pro

276 2207 527 2294 ssusoipIentium
552 2210 645 2290 captu
665 2206 827 2291 explicent,
848 2207 902 2274 sed
926 2207 1030 2272 etiam
1043 2205 1125 2274 idem
1150 2207 1320 2292 asingulis
1352 2227 1406 2291 pa-

274 2311 394 2379 rrochie
424 2311 473 2394 pie
502 2311 742 2395 prudenterque,
773 2311 867 2376 etiarn
901 2311 1008 2395 ttapao
1042 2312 1233 2389 vernanola,
1251 2371 1256 2380 ,
1273 2311 1299 2375 si
1332 2329 1408 2396 opus

275 2418 335 2482 »sit
359 2418 393 2482 ot
414 2415 571 2482 commode
591 2415 658 2480 fieri
683 2416 813 2500 poterit,
837 2416 953 2482 servari
973 2415 1122 2482 studeant
1134 2410 1148 2496 ,“
1161 2415 1256 2499 juxta
1275 2415 1408 2481 formam

193 2525 198 2536 “
275 2539 312 2586 »a
335 2522 443 2586 sancta
466 2518 579 2611 syuodo
602 2519 635 2583 in
655 2519 809 2586 catechesi
825 2519 957 2604 singulis
971 2520 1173 2588 sacramentis
1194 2520 1405 2604 praescriben-

274 2625 375 2702 »dam
400 2643 492 2708 quarn
514 2623 648 2707 episcopi
670 2624 702 2688 ta
725 2625 886 2706 culparem
908 2625 1049 2708 ltupaam
1070 2624 1204 2693 fideliter
1226 2625 1322 2702 verti,
1355 2627 1406 2687 at-

275 2743 390 2813 »quea
413 2726 553 2811 parochis
575 2727 717 2792 omnibus
739 2727 852 2810 populo
873 2728 980 2811 erponi
1002 2727 1169 2805 curabunt3
1199 2746 1255 2793 nec
1287 2745 1347 2792 non
1368 2729 1405 2792 ut

210 2871 216 2880 -
250 2832 373 2918 ¹›inter
393 2831 558 2907 Missurum
588 2829 738 2896 solemnia
771 2831 825 2896 aut
848 2830 1021 2896 divinorum
1045 2831 1284 2898 celebrationem
1317 2850 1405 2896 sacra

272 2937 411 3020 »eloquia
433 2937 466 3000 et
486 2934 597 3004 salutis
630 2933 747 3000 monita
782 2934 890 3002 eadem
930 2935 1100 3000 vernacula
1129 2935 1238 3018 ttapaa
1274 2935 1406 3018 singulis
1529 2955 1531 2958 ·

273 3040 399 3112 »diebus
422 3038 510 3104 lestis
531 3039 581 3105 vel
592 3039 780 3104 solemnibus
804 3038 969 3122 explanent
989 3041 1044 3121 (sc.
1075 3037 1249 3123 Episcopi),
1281 3038 1407 3106 cadem-

276 3144 408 3228 »quein
431 3143 568 3208 omnium
588 3142 738 3224 cordibus,
773 3143 951 3229 postpositis
980 3143 1143 3214 inutilibus
1165 3144 1406 3228 quaestionibus

276 3248 439 3326 ‚inserere
461 3248 553 3332 atque
576 3266 627 3313 eos
646 3247 679 3312 in
700 3247 770 3334 lege
793 3248 918 3314 Domini
941 3248 1062 3315 erudire
1085 3248 1260 3315 studeant«

223 3367 226 3371 ·
277 3353 305 3417 Α
329 3371 389 3436 quo
409 3351 555 3418 mandato
579 3355 664 3419 certe
684 3372 742 3419 non
765 3340 887 3419 abludit
906 3353 993 3433 illud,
1018 3352 1099 3436 quod
1118 3354 1224 3419 eadem
1254 3373 1278 3420 s.
1311 3352 1408 3438 Syno-

168 3457 227 3522 dns
251 3475 322 3528 sess.
346 3455 447 3523 XXII.
470 3455 508 3521 de
531 3457 681 3523 sacrificio
704 3457 818 3523 Missae
839 3477 905 3542 cap.
925 3458 955 3524 8.
979 3457 1172 3542 praescribit,
1193 3457 1357 3523 videlicet:

328 3559 415 3625 ›Mtsi
437 3559 534 3625 Missa
556 3579 701 3644 magnam
733 3561 892 3627 contineat
920 3560 1025 3646 populi
1057 3557 1157 3625 tidelis
1192 3559 1406 3638 eruditionem,

183 3719 218 3745 ¹.
276 3668 482 3732 »nontamen
517 3664 657 3755 expedire
688 3666 787 3732 visum
816 3668 864 3732 est
897 3667 1058 3749 patribus,
1081 3666 1117 3730 ut
1142 3664 1268 3748 palpari
1291 3664 1407 3748 possim
1468 3722 1475 3731 .

209 3803 220 3812 -
275 3771 403 3854 »liapaa
433 3761 651 3836 celebraretur.
704 3768 1079 3850 Quamob1·em‚retento
1111 3767 1225 3850 ubique
1259 3765 1408 3851 cujusque

200 3936 209 3944 .
275 3874 441 3940 »ecclesiae
463 3874 608 3957 antiquo,
630 3875 662 3939 et
681 3891 700 3937 a
719 3875 828 3940 sancta
849 3873 989 3940 Romana
1011 3871 1168 3950 Ecclesia,
1198 3871 1335 3938 omniurn
1359 3890 1408 3936 ec-

276 3980 457 4067 »clesiarum
478 3984 578 4044 matre
601 3979 632 4044 et
653 3977 819 4062 magistra,
835 3979 970 4062 probato
993 3977 1078 4056 ritu,
1111 3995 1149 4042 ne
1180 3995 1251 4042 oves
1289 3964 1408 4042 cursu

274 4085 439 4165 »esuriant
463 4102 539 4150 neve
558 4084 680 4168 parvuli
703 4101 813 4167 panem
832 4084 942 4168 petant
964 4083 996 4148 et
1017 4100 1078 4146 non
1101 4081 1164 4160 sit,
1199 4080 1253 4163 qui
1281 4079 1408 4162 frangat

199 4239 205 4252 .
276 4190 338 4254 »eis
351 4191 384 4272 ¹),
406 4187 534 4254 mandat
552 4189 660 4254 sancta
681 4185 822 4274 Synodus
838 4186 1048 4271 pastoribus,
1080 4187 1112 4252 ct
1140 4182 1272 4270 singulis
1301 4201 1408 4246 curem
1485 4219 1488 4227 .

235 4346 236 4354 ,
273 4295 464 4359 »animarum
486 4292 706 4377 gerentibus²)‚
726 4294 763 4358 ut
783 4291 959 4376 frequenter
980 4289 1064 4356 intra
1085 4289 1253 4354 Missurum
1268 4286 1406 4351 celebra-

204 4620 217 4674 f
272 4448 304 4604 ἐξ
318 4446 504 4591 gizaecus-ssu.
518 4550 576 4605 cap.
593 4535 618 4590 2.
635 4533 669 4590 de
686 4533 794 4591 reform.
817 4537 846 4592 et
870 4550 935 4628 sess.
960 4533 1062 4589 XXIV.
1083 4491 1140 4602 cap.
1158 4529 1183 4584 4.
1202 4532 1229 4590 ct
1248 4543 1305 4600 cap.
1323 4529 1347 4582 l.
1376 4525 1409 4582 dc
1486 4608 1489 4611 Ι

169 4637 282 4678 reorm.
