3096 4972
228 279 272 334 De
290 278 422 347 iulrtlueo'
441 253 619 332 ostensione
639 279 681 330 od
698 279 883 332 universum
901 275 1091 334 catholicum
1109 293 1240 350 prepara.
1261 248 1266 262 Ι
1295 258 1357 328 391

122 449 330 535 »poenitentia
353 450 434 514 esset
453 446 512 514 sihi
542 467 597 530 pro
618 449 754 531 peccatis
768 449 998 535 ,injungenda
1022 450 1054 516 et
1074 450 1220 534 injungat
1245 450 1363 516 nihilo·

122 556 243 622 »minus
264 552 397 638 aliquid,
422 554 496 635 quot
515 553 675 635 poenitens
698 554 902 619 tolerabiliter
924 555 1014 620 ferat.
1060 555 1148 637 Quod
1181 554 1283 637 ipsum
1307 573 1363 619 au·

122 662 192 726 »tea
215 659 361 725 docuerat
383 656 632 742 Chrysostomus:
655 655 688 722 Si
711 657 796 722 nulla
818 659 964 742 exparte,
983 657 1243 742 inquit,vparcare
1258 657 1362 722 volens

121 764 277 829 »debitam
300 761 479 837 adhibueris
502 761 687 840 sectionem,
719 763 773 826 liet
803 781 912 845 saepe,
938 764 973 826 ut
1002 763 1141 838 animum
1171 761 1224 826 ille
1249 761 1362 827 doloris

120 857 336 952 »impatientia
365 866 575 949 despopdens,
610 868 703 950 atque
733 867 809 932 edeo
840 863 944 933 omnia
977 867 1071 932 simul
1093 867 1269 953 detrectans
1290 887 1361 931 cnm

120 973 350 1057 »pharmacum
374 973 443 1036 tum
465 971 632 1050 vinculum,
653 991 688 1059 sa
709 972 775 1055 ipse
797 973 998 1057 praecipitem
1017 974 1107 1049 terat,
1131 971 1359 1055 contritojngo

106 1063 172 1142 aet
198 1077 355 1142 confracto
384 1074 504 1157 laqueo.
557 1074 708 1158 Equidem
740 1077 912 1159 complures
946 1075 1360 1159 recense1·epossim,quos

120 1183 261 1248 »constet
283 1180 316 1261 in
340 1180 475 1245 extrema
498 1178 582 1244 mala
604 1179 730 1244 edacius
753 1199 813 1245 non
834 1180 874 1245 oh
894 1179 997 1257 aliud,
1018 1180 1077 1246 nisi
1100 1179 1180 1263 quod
1204 1177 1300 1263 digna
1321 1179 1359 1243 ab

119 1287 181 1352 aeis
203 1303 309 1368 poene,
331 1285 460 1367 atquae
483 1283 619 1367 peccatis
640 1284 827 1366 perpetratis
847 1303 902 1367 par
925 1286 1016 1361 esset,
1041 1278 1256 1366 erigereturc¹

216 1389 287 1453 Huc
310 1405 381 1452 uero
403 1406 473 1451 curn
494 1386 649 1470 pertineat
671 1387 877 1452 saluberrima
900 1388 996 1464 haec,
1025 1407 1103 1470 quae
1126 1385 1224 1452 Nobis
1245 1385 1359 1450 divini·

115 1494 166 1557 tus
199 1493 283 1557 facta
318 1492 385 1569 est,
417 1491 554 1573 potestas
584 1491 699 1555 merita
720 1489 779 1555 Dei
810 1491 841 1556 et
863 1491 1008 1557 Hominis
1030 1491 1147 1555 Christi
1168 1489 1292 1555 Domini
1326 1491 1359 1554 et

115 1597 297 1663 Sanctorum
319 1595 386 1678 ejus
398 1594 605 1677 dispensandi,
625 1597 660 1659 ut
679 1596 820 1677 partibus
843 1595 985 1661 omnibus
1008 1595 1146 1678 impletis
1160 1594 1357 1662 Sacramenti

114 1700 345 1776 Poenitentiae,
374 1697 523 1781 quidquid
546 1717 660 1782 poenae
692 1698 794 1764 adhuc
816 1697 876 1764 sibi
904 1699 1050 1765 luendum
1084 1699 1218 1782 supersit
1248 1685 1357 1784 pecca·

113 1810 238 1883 torum,
261 1804 402 1887 supplere
430 1801 536 1867 fideles
565 1802 702 1886 possint3
736 1803 808 1868 date
845 1822 990 1886 operam,
1015 1805 1049 1867 ut
1072 1802 1273 1888 intelligant,
1296 1823 1357 1888 qua

115 1907 256 1985 ratione,
278 1927 336 1991 quo
356 1906 484 1986 ordine,
505 1908 725 1990 quapietate,
748 1927 827 1992 quae
851 1907 890 1972 ad
913 1907 945 1970 id
971 1907 1112 1990 injuncta
1134 1908 1271 1987 tuerint,
1294 1909 1356 1972 siut

116 2012 314 2096 exsequenda.
359 2011 489 2076 Discunt
512 2011 752 2095 supplicationes
781 2013 894 2090 hasce,
931 2032 1009 2095 quae
1045 2011 1085 2076 ad
1119 2014 1219 2078 certas
1254 2032 1357 2078 sacras

116 2117 208 2196 aedes
231 2105 387 2182 faciendae
410 2115 676 2199 praescribuntur,
700 2115 799 2180 instar
822 2134 888 2181 esse
911 2115 1065 2198 quoddam
1089 2115 1258 2182 stationum
1281 2116 1355 2182 illa·
1391 2175 1393 2182 ,

114 2241 195 2299 rurn,
218 2239 295 2303 quae
318 2218 433 2302 priscis
448 2219 606 2284 Ecclesiae
628 2218 819 2302 temporibus
842 2219 909 2284 lieri
932 2218 1090 2296 solebant,
1114 2239 1184 2285 cum
1207 2240 1273 2286 mos
1295 2221 1356 2286 fnit

113 2325 261 2403 fidelium,
285 2326 321 2389 ut
346 2321 448 2390 certis'
463 2323 570 2389 diebus
594 2323 787 2389 includerent
808 2343 840 2388 se
860 2323 891 2388 in
915 2323 1010 2388 sacris
1024 2323 1160 2411 aedibus,
1184 2324 1288 2407 ibique
1307 2325 1356 2408 je·

111 2431 179 2515 juni
201 2432 404 2514 orantesque,
435 2433 466 2495 et
496 2415 591 2495 annos
612 2449 683 2496 snos
717 2431 924 2515 recogitantes
955 2432 986 2496 in
1008 2431 1214 2497 amaritudine
1235 2430 1355 2496 animae

114 2555 187 2601 sues
209 2555 307 2618 usque
331 2535 371 2600 ad
394 2554 553 2618 vesperam
576 2539 818 2617 perceperarent.

145 2711 152 2731 ι
216 2639 353 2722 Quodsi
383 2658 464 2704 nnnc
485 2638 632 2721 temporis
659 2640 799 2706 Ecclesia
827 2641 1044 2706 tantominus
1073 2640 1203 2724 requirit
1234 2660 1252 2705 a
1282 2638 1375 2705 filiis·

112 2743 176 2809 suis
199 2744 239 2809 ad
261 2744 450 2823 boeotiam,
474 2744 509 2808 ut
530 2744 561 2827 pl
605 2729 701 2809 ⁴'iam
731 2747 875 2830 consequi
903 2735 1131 2829 indulgentiam
1159 2747 1294 2829 possint,
1322 2746 1355 2815 id

113 2867 173 2913 non
206 2849 251 2912 ita
285 2867 358 2913 sane
381 2849 430 2913 est
449 2848 584 2931 interpre
601 2847 734 2928 andum,
769 2849 856 2932 quasi
891 2845 1038 2914 minorem
1073 2849 1231 2914 existimet
1263 2871 1354 2929 nunc,

113 2971 204 3034 quam
228 2955 329 3029 antea,
352 2954 462 3019 dehere
482 2973 536 3018 nos
560 2954 625 3018 Deo
648 2954 926 3036 compensationem
948 2974 1002 3037 pro
1023 2954 1178 3038 peccetis3
1203 2953 1256 3018 sed
1280 2955 1353 3019 dum

105 3055 265 3122 ‘laboriosa
282 3077 372 3140 opera
394 3058 522 3142 mitigat
546 3058 767 3137 misericordie,
791 3062 943 3142 quantum
965 3059 1002 3122 de
1024 3059 1193 3143 asperitate
1220 3058 1356 3123 remittit

113 3160 524 3243 exteriorissatisfactionis,
550 3163 796 3228 tantumconari
825 3163 893 3228 vult
923 3163 1081 3240 homines,
1112 3164 1147 3228 ut
1178 3164 1355 3228 intensionis

112 3263 143 3327 vi
170 3265 385 3341 contritionis,
406 3267 509 3350 piique
543 3268 651 3332 ardore
685 3267 779 3331 studii
817 3266 1094 3351 exsequendorum,
1119 3287 1197 3350 quae
1218 3267 1353 3352 impera-

114 3367 202 3444 verit,
228 3359 351 3450 operum
374 3369 513 3435 interiori
537 3370 688 3453 protectni
707 3371 843 3454 ¹afferant
867 3372 1048 3435 arrimorum.
1198 3377 1200 3384 “

217 3468 321 3551 Atque
345 3471 383 3535 ad
406 3472 463 3537 hoc
485 3473 565 3536 illud
588 3474 729 3551 retertur,
751 3473 832 3555 quod
841 3474 929 3539 inter
949 3474 1092 3559 injuncta
1112 3494 1204 3559 opera
1217 3475 1355 3542 Sanctis·

115 3571 211 3636 simae
233 3573 446 3640 Eucharistiae
468 3577 622 3659 perceptio
646 3570 841 3653 numeretur,
874 3598 951 3661 que,
984 3599 1053 3644 curn
1082 3579 1147 3662 ipse
1175 3578 1207 3643 in
1228 3599 1264 3646 ee
1287 3579 1355 3646 fons
1441 3592 1445 3598 '

114 3674 291 3739 coelestium
305 3678 452 3742 'omnium
476 3678 709 3758 charismatum,
735 3700 770 3744 ac
791 3681 937 3746 donorum
961 3681 1104 3747 Christus
1116 3681 1267 3748 Dominus
1283 3703 1354 3750 con-

113 3779 261 3858 tineatur,
285 3781 369 3845 nulla
392 3783 527 3865 prolecto
546 3783 705 3848 'efficacior
727 3803 776 3848 res
801 3789 848 3850 est
871 3786 910 3849 ad
932 3786 1036 3868 ignem
1062 3786 1257 3851 excitandum
1284 3808 1355 3871 per·

112 3885 211 3950 fectae
234 3885 392 3962 caritatis;
416 3905 450 3949 ex
472 3905 531 3969 quo
555 3885 662 3969 liquet,
686 3891 873 3971 quantopere
896 3887 929 3953 in
954 3907 1021 3952 earn
1046 3907 1151 3954 curem
1174 3889 1355 3958 incumben·
1399 3891 1403 3901 '

112 3988 184 4054 dum
205 3991 300 4055 Vobis
323 3991 375 4066 sit,
400 3993 435 4055 ut
456 3990 562 4056 fideles
584 3992 715 4075 populus
735 3977 817 4058 tahti
839 3993 1033 4060 Sacramenti
1057 3995 1122 4059 vim
1149 3999 1181 4060 et
1209 3999 1351 4064 naturam

112 4094 266 4172 doceatur,
292 4097 322 4160 et
345 4095 459 4178 optime
483 4095 593 4159 affecto
616 4115 652 4159 ac
668 4099 853 4182 'praeparato
875 4099 977 4162 animo
1001 4097 1039 4163 ad
1060 4097 1139 4162 illud
1162 4100 1297 4167 accedat.

215 4199 356 4276 Habetis,
380 4199 581 4264 Venerabiles
601 4201 744 4278 Fratres,
770 4220 848 4283 quae
871 4201 1001 4266 velimus
1024 4201 1237 4284 potissimum,
1271 4207 1351 4288 quod

112 4300 151 4365 ad
177 4319 297 4366 sacrum
317 4294 465 4385 'pertinet
487 4302 689 4380 Jubilaeum,
723 4304 829 4369 fideles
862 4306 987 4388 populos
1022 4308 1220 4389 praemoneri.
1268 4307 1354 4373 Ereti

111 4403 213 4469 studio
237 4407 339 4471 vestro
361 4407 472 4472 salutis
495 4408 729 4473 commissarum
756 4409 846 4474 Vobis
870 4410 1046 4488 animarum
1074 4429 1134 4475 non
1166 4411 1257 4476 modo
1292 4413 1380 4487 ,Vos

112 4508 293 4574 confidimus
315 4529 436 4592 operam
460 4512 608 4590 daturos,
633 4514 669 4577 ut
692 4531 797 4578 omnes
820 4533 857 4577 ea
877 4514 1013 4579 studiose
1048 4515 1242 4597 peragendo,
1276 4535 1355 4600 quae
1409 4527 1434 4590 ,’

110 4603 332 4692 iudicavimus,
363 4615 551 4698 plenariam,
580 4635 671 4702 quem
702 4617 845 4683 omnibus
877 4618 927 4684 de.
944 4618 1166 4684 inaestimabili
1198 4619 1354 4687 Ecclesiae
1477 4632 1478 4638 ’
