3120 4956
208 245 272 313 362
423 259 474 320 nn
495 265 625 321 aaran
645 265 933 322 arremarensem.
958 267 1137 322 neamurss
1159 266 1244 320 rsus.
1376 319 1388 325 ,

206 437 305 504 lenter
323 437 464 522 pluribus
486 438 519 504 in
540 438 617 504 locis
643 439 794 521 occupata
815 438 912 515 mere,
934 438 1055 520 ipsique
1078 437 1110 502 in
1133 412 1325 520 priuatorum
1362 437 1461 499 aedes

206 540 247 608 ad
267 559 356 608 sacra
377 541 480 610 officia
505 545 537 610 et
560 544 710 629 mysteria
732 543 892 608 convenire
916 543 1067 626 compulsi
1089 545 1171 610 suut.
1218 541 1285 606 Nec
1314 559 1370 604 cos
1403 540 1462 603 de·

207 643 339 712 laudaut
360 645 417 712 illa
437 645 506 730 ipsa
527 645 756 731 hujussaeculi
775 647 902 730 planta,
927 667 1058 730 quorum
1080 646 1111 710 vi
1140 647 1214 710 dum
1246 643 1464 710 eonscientiae

206 747 335 816 libertas
356 749 575 833 proclamatur,
598 750 732 817 liberum
753 750 792 816 iis
815 741 882 815 esse
906 751 1034 816 deberet
1055 769 1128 814 suas
1150 749 1266 814 habere
1296 749 1464 827 ecclesias,

206 872 295 920 snam
317 853 456 939 proliteni
477 853 580 932 tidem,
603 854 668 920 suis
679 853 845 919 adhaerere
869 854 1061 930 Pastoribus,
1084 873 1141 917 uec
1155 853 1323 918 defenduut
1339 851 1466 916 solem·

207 977 261 1026 nes
283 957 501 1025 conventiones
522 958 604 1024 inter
622 959 765 1040 potentes
784 957 937 1040 principes
958 957 1077 1035 initae,
1101 957 1213 1039 quibus
1226 953 1243 1034 ,'
1257 957 1381 1038 praeter
1410 975 1466 1020 ce-

205 1063 274 1129 tera
296 1081 374 1147 quae
397 1061 515 1128 inillis
539 1061 610 1128 aeta
642 1061 749 1138 luere,
782 1061 1021 1138 catholicorum„
1036 1081 1158 1144 quoque
1191 1063 1224 1125 iu
1247 1059 1466 1126 Otbomanico

207 1165 357 1250 Imperico
380 1166 560 1252 degentium
581 1164 734 1243 libertati,
758 1165 930 1243 securitati,
954 1185 991 1230 ac
1004 1165 1246 1248 possessionibus
1268 1165 1358 1247 plene
1378 1167 1466 1228 con·

207 1269 325 1336 nultum
347 1271 416 1338 init.
461 1270 523 1356 Ubi
542 1289 623 1336 nunc
644 1269 737 1335 datae
756 1269 830 1334 fidei
854 1272 886 1335 et
907 1273 1050 1352 acceptae
1079 1269 1254 1334 sanctitas?
1298 1267 1360 1332 Ubi
1385 1288 1465 1333 eam

206 1373 315 1441 tuendi
339 1377 371 1441 et
391 1393 550 1458 oppressos
570 1373 751 1440 sublevandi
778 1369 916 1439 studium
947 1374 978 1439 iu
1007 1373 1067 1450 iis,
1102 1374 1155 1455 qui
1178 1391 1283 1439 vocem
1306 1371 1465 1459 attollere

207 1483 241 1546 et
258 1479 382 1563 possent
406 1481 437 1544 et
459 1477 631 1543 deberent?

311 1583 398 1650 Haec
430 1583 514 1648 mala
546 1581 754 1660 recensentes,
786 1601 844 1646 non
870 1599 1048 1664 possumus,
1085 1580 1283 1646 Venerabiles
1314 1569 1484 1658 Fratres,

209 1705 267 1754 non
292 1686 403 1754 intimo
426 1686 528 1752 dolore
552 1685 704 1762 cruciari,
726 1685 867 1756 videntes
890 1703 925 1749 ex
945 1705 1007 1748 una
1029 1686 1135 1767 parte,
1159 1685 1308 1768 qnantum
1334 1684 1463 1752 bellum

209 1789 296 1874 impii
321 1790 353 1858 et
383 1789 523 1856 infideles
552 1789 668 1854 callida
694 1788 865 1872 impietatis
889 1787 1134 1854 dissimulatione
1164 1786 1317 1853 moverint
1345 1788 1465 1850 eontra

209 1893 310 1962 Deum
333 1895 365 1961 et
387 1895 495 1961 contra
517 1893 665 1984 Divinum
687 1911 780 1976 opus,
804 1892 884 1976 quod
907 1893 976 1975 lpse
1008 1892 1150 1956 fundavit
1171 1893 1202 1956 in
1226 1889 1338 1967 terris,
1373 1889 1463 1973 quod

213 2016 267 2066 sno
290 1997 374 2084 regit
393 1997 513 2083 spiritu,
537 1997 617 2082 quod
640 1996 706 2081 ejus
728 1997 877 2080 promissa
900 1997 1042 2073 tuentum
1062 2016 1098 2062 ex
1122 1997 1343 2061 alternantem
1365 1999 1463 2076 parte

211 2120 269 2170 non
293 2102 384 2170 modo
405 2102 506 2168 nullos
527 2103 592 2169 tam
613 2099 747 2168 nefariae
770 2101 983 2186 conjurationi
1002 2101 1116 2185 objices
1135 2101 1261 2185 opponi,
1282 2098 1335 2165 sed
1356 2099 1463 2166 etiam

209 2203 391 2291 adjumenta
412 2225 447 2273 uc
471 2205 674 2272 incitamenta
696 2205 786 2284 addi,
816 2223 871 2270 nec
897 2204 1029 2290 cogitari
1038 2243 1047 2284 ,1
1074 2204 1156 2288 quod
1180 2204 1336 2272 Ecclesiae
1358 2223 1462 2269 causa

211 2312 244 2376 et
264 2309 387 2396 juribus
410 2310 560 2396 oppressis
583 2311 706 2378 caetera
730 2312 865 2376 hnmana
883 2309 954 2394 jura
977 2310 1191 2394 opprimantur
1213 2309 1246 2374 et
1268 2308 1370 2374 cirssis
1405 2328 1460 2374 so·

210 2411 334 2480 dietatis
357 2413 567 2500 tranquillitas
590 2413 752 2480 incolumis
775 2433 921 2479 essenon
943 2414 1050 2498 possit.
1074 2415 1075 2420 ’
1324 2417 1329 2425 ’

311 2516 407 2592 attin
431 2519 537 2586 tautae
559 2517 753 2601 tempestatis
775 2517 921 2584 ductibus
934 2518 1042 2589 ,omnis
1064 2516 1179 2582 fidncia
1200 2517 1325 2594 Nostra,
1353 2515 1460 2580 Vene-

207 2619 321 2690 rabiles
343 2621 479 2703 Fratres,
503 2621 632 2688 tirmiter
651 2621 683 2688 in
706 2621 769 2688 Deo
792 2623 976 2704 perseverat.
1022 2620 1122 2686 causa
1145 2621 1225 2690 enim
1257 2639 1351 2704 quam
1381 2623 1481 2684 tue--

207 2745 292 2808 mur,
319 2725 376 2793 Dei
397 2743 489 2792 eausa
511 2726 576 2818 est,
609 2727 641 2792 et
662 2727 735 2792 licet
758 2743 777 2789 a
800 2724 912 2791 lriviue
935 2725 1087 2809 Magistro
1108 2741 1270 2807 pressurae
1304 2723 1392 2789 nobis
1426 2724 1460 2788 in

208 2829 266 2898 hoc
287 2823 658 2914 mnndo'prnennntiatae
679 2831 815 2909 ineunt,
848 2828 929 2894 idem
964 2830 1071 2894 tamen
1101 2828 1135 2892 in
1156 2847 1189 2893 se
1212 2833 1370 2911 sperantes
1393 2849 1459 2894 nou

206 2932 330 3013 deserit,
351 2951 444 3018 seque
463 2933 620 3000 nobiscum
643 2953 738 3019 usque
762 2933 802 3000 ad
833 2933 1130 2998 consummationem
1164 2933 1279 2996 saeculi
1308 2933 1455 2997 futurum

208 3057 274 3106 esse
298 3037 449 3124 promisit.
494 3039 604 3106 Nonne
631 3039 713 3104 enim
736 3039 859 3104 divinae
886 3037 954 3121 ejus
984 3037 1105 3121 gratiae
1135 3037 1235 3117 virtus
1266 3036 1344 3112 fnit,
1372 3056 1457 3119 qnae

208 3161 305 3227 usqne
326 3141 365 3208 ad
393 3141 473 3208 lianc
505 3141 586 3208 diem
605 3143 638 3208 iu
666 3143 754 3210 tanto
777 3143 963 3221 certamine,
992 3143 1060 3208 tum
1097 3141 1297 3208 ¹venerabiles
1324 3141 1457 3206 Fratres

207 3243 381 3330 Fpisoopos,
405 3246 472 3310 turn
496 3243 676 3314 Sacerdotes
697 3249 729 3314 et
747 3247 872 3313 Fideles
902 3247 933 3310 in
958 3245 1141 3324 Germania,
1168 3245 1201 3310 in
1224 3245 1388 3322 Helvetia,
1423 3247 1458 3311 in

208 3348 343 3416 Orientis
363 3348 601 3435 1·egionitua,in
622 3351 783 3418 Amerioae
795 3352 895 3435 plagis
915 3351 961 3416 ita
980 3349 1176 3429 sustentauit,
1199 3353 1235 3414 ut
1255 3349 1458 3415 admirabilia

208 3451 348 3538 exempla
367 3455 570 3534 constantiae,
594 3455 663 3533 zeli,
686 3455 777 3531 fidei,
800 3456 935 3521 invictae
957 3455 1128 3538 patientiae
1155 3456 1188 3538 et
1210 3453 1335 3518 virtutis
1359 3474 1454 3538 mag-

208 3577 266 3625 nae
288 3577 359 3626 curu
381 3557 482 3644 gloria
503 3558 664 3644 religionis
686 3559 864 3624 ediderint?
908 3560 973 3625 Deo
991 3559 1095 3642 itaque
1117 3558 1365 3624 Clementissimo
1378 3579 1454 3641 gra-

207 3661 268 3728 tias
291 3661 469 3744 babeamus,
494 3661 547 3747 qni
569 3662 728 3729 Ecclesiae
750 3681 824 3727 suae
845 3662 879 3726 iu
899 3663 996 3727 tantis
1011 3662 1265 3728 tribulationibus
1287 3680 1342 3726 suo
1362 3681 1455 3745 prae-

208 3763 289 3831 sidio
310 3763 399 3831 adest
432 3766 465 3832 et
492 3765 646 3844 consulit,
681 3765 720 3830 ad
742 3764 849 3848 Ipsum
870 3764 980 3830 deinde
1012 3766 1202 3844 clamemus,
1226 3768 1294 3830 turn
1323 3766 1455 3831 fervidis

208 3867 358 3954 precibus,
381 3869 450 3934 turn
472 3870 581 3934 saneta
601 3869 685 3936 ritae
708 3869 894 3954 disciplina,
929 3873 966 3936 ut
984 3870 1051 3936 Nos
1082 3871 1114 3935 et
1149 3888 1271 3936 omnem
1302 3870 1453 3954 populum

207 3989 298 4038 snum
319 3970 351 4036 in
374 3971 491 4056 praelio
513 3972 686 4040 confortare
706 3975 825 4060 pergat,
850 3975 886 4040 ut
902 3974 1073 4040 errantium
1086 3977 1205 4040 mentes
1227 3994 1285 4039 sua
1305 3974 1455 4042 lucecol-

206 4075 321 4144 lnstret
342 4076 374 4142 et
393 4076 487 4144 corda
506 4077 622 4160 dmtat,
645 4080 741 4163 utque
763 4079 1022 4164 quemadmodum
1046 4078 1233 4161 Redemptor
1252 4079 1368 4144 Noster
1390 4099 1452 4144 uon

206 4179 240 4248 in
261 4197 319 4248 sna
340 4177 573 4264 omnipotentia,
595 4181 651 4248 sed
672 4183 705 4248 iu
725 4183 841 4248 Nostra
853 4183 1033 4247 humilitate
1054 4183 1087 4247 et
1106 4172 1290 4246 infirmitate
1304 4201 1452 4266 congres-

206 4283 394 4352 anelontem
416 4285 571 4352 mnsam
592 4285 678 4366 vicit,
702 4288 748 4352 ita
770 4287 836 4352 Nos
857 4286 1028 4370 patientiae
1049 4288 1082 4352 et
1097 4286 1241 4368 justitiae
1263 4286 1378 4351 ιίιιιιιι
1394 4287 1452 4351 ad·

207 4406 312 4456 versas
333 4389 507 4473 potestates
526 4389 695 4456 riummns.
740 4389 773 4456 si
785 4390 842 4456 «ia
865 4389 1110 4469 clamaverimus
1133 4389 1278 4454 dubitare
1295 4409 1359 4454 uon
1380 4409 1451 4473 pos-

208 4509 325 4574 snmus,
348 4491 424 4576 quin
446 4491 588 4599 placatus
609 4493 697 4558 uobis
720 4495 783 4564 cito
804 4495 838 4560 iu
854 4512 912 4559 sua
933 4494 1129 4578 benignitate
1142 4493 1339 4576 respoudeat,
1360 4495 1451 4559 sulas

208 4599 266 4662 tan
285 4615 340 4680 roo
361 4616 441 4662 aare
