3122 4976
392 254 457 320 Daa
478 258 703 320 Ροιιιιιιιιιιιιι
727 253 955 320 ιἰιιιιιιαιιιη
972 257 1005 320 Ε.
1024 263 1069 319 15.
1297 237 1339 314 li
1440 297 1443 308 .

214 433 272 529 Qff.
299 435 419 508 Bonum
443 434 492 507 est
512 433 649 504 confiteri
670 431 738 500 Duo
759 435 791 500 et
811 433 943 518 psallere
964 434 1080 500 nomini
1104 437 1158 502 tuo
1182 435 1342 508 altissime
1464 505 1468 518 Ι
1546 481 1549 496 ι

98 541 219 604 bonum
239 539 288 604 est
309 537 447 604 confiteri
467 537 545 604 Dno.

213 641 328 708 Secret.
374 640 500 726 Suscipe
524 639 763 710 clementissime
782 642 872 725 pstor
885 642 1004 708 hostius
1025 643 1259 727 placationisct
1274 646 1337 711 lau·

101 747 158 828 dis,
183 765 261 832 ques
285 765 342 830 ego
361 748 503 830 peccator
523 747 556 812 et
570 745 803 832 indignissimus
817 749 889 812 tuus
909 746 1043 812 famulus
1062 747 1123 814 tibi
1146 747 1253 814 offerre
1273 769 1337 833 pre·

103 871 191 918 sumo
214 851 253 916 ad
274 852 418 922 honorem
439 855 470 918 et
493 852 626 937 gloriam
645 852 777 918 nominis
801 851 849 918 tui
869 852 901 919 et
923 871 978 935 pro
998 852 1212 921 incolumitate
1231 854 1341 920 famuli

102 956 150 1021 tui
169 956 212 1022 N.
234 955 271 1020 ut
301 957 438 1024 omnium
470 955 653 1022 delictorum
680 974 805 1022 suorum
832 956 953 1022 reniam
982 957 1127 1042 consequi
1154 959 1339 1026 mereantur.

100 1062 164 1126 Per
187 1110 195 1126 .
217 1110 224 1126 .
248 1110 286 1126 ..

210 1163 344 1247 Prcphai
344 1205 509 1232 .......
529 1183 641 1248 usque:
662 1163 824 1247 perXtum
846 1164 884 1230 D.
901 1164 940 1232 N.
955 1163 1010 1249 qui
1028 1163 1184 1232 homiuem
1204 1165 1237 1230 in
1257 1165 1341 1249 prin·

100 1267 181 1352 cipio
206 1287 293 1334 suam
318 1268 435 1334 creavit
453 1268 630 1352 imaginem,
656 1287 745 1352 quem
766 1269 874 1352 postea
895 1267 1048 1352 perditum
1068 1270 1191 1353 propria
1210 1270 1342 1338 redemit

100 1372 255 1456 passione.
276 1373 336 1438 Per·
356 1363 447 1461 quem
467 1391 553 1456 spem
568 1372 650 1439 vitae
670 1375 774 1444 eterne
794 1372 973 1456 recepimus.
995 1374 1056 1438 Per
1075 1393 1166 1458 quem
1185 1375 1342 1440 remissio·

99 1495 172 1542 nem
194 1477 392 1561 peccatorum
414 1495 643 1560 consequemur.
666 1477 726 1542 Per
741 1478 842 1560 ipsum
863 1476 1086 1560 redemptorem
1109 1479 1141 1543 et
1159 1478 1262 1544 Duum
1287 1497 1341 1544 no·

99 1582 203 1646 strum
224 1581 257 1645 te
280 1580 465 1664 suppliciter
483 1580 690 1674 deprecamur,
717 1583 752 1647 ut
767 1580 876 1646 lamuli
898 1581 946 1646 tui
971 1581 1023 1660 N,
1045 1600 1100 1665 pro
1121 1599 1180 1664 quo
1203 1581 1261 1648 tibi
1282 1581 1339 1647 ho-

99 1683 180 1748 stias
201 1682 408 1762 immolamus,
432 1685 469 1749 ut
488 1683 570 1750 sicut
596 1684 743 1768 diguatus
771 1683 908 1750 siluisti
928 1682 959 1748 in
980 1684 1013 1748 te
1034 1683 1127 1750 fidem
1147 1684 1342 1752 credulitatis

99 1786 223 1872 largiri,
248 1786 293 1852 ita
313 1787 462 1854 concedas
483 1789 521 1868 ei,
543 1789 578 1854 ut
600 1788 673 1853 fidei
700 1807 774 1872 opus
794 1787 908 1853 bonum
929 1786 1033 1854 valeat
1060 1787 1236 1872 adimplere.
1272 1790 1341 1856 Tri-

99 1891 161 1956 bne
183 1891 211 1956 ei
234 1890 302 1956 Due
323 1892 443 1958 rectum
466 1911 527 1971 cor,
548 1893 600 1976 qui
620 1894 653 1958 te
674 1893 759 1958 amet
780 1892 817 1956 ut
836 1892 966 1975 patrem,
990 1891 1102 1958 timeat
1117 1894 1153 1958 ut
1173 1893 1342 1960 Dominum

104 1997 143 2060 ut
165 1995 314 2063 mandata
333 1998 389 2063 tua
409 1996 449 2062 ad
469 1997 624 2082 integrum
650 1995 806 2068 custodiat
828 1996 859 2061 ιι
881 1995 955 2081 quia
975 1995 1063 2080 juxta
1084 1996 1252 2062 humanam
1277 1998 1341 2064 fra-

106 2099 262 2184 gilitatom
284 2100 362 2166 vitia
383 2100 416 2166 in
436 2119 470 2167 eo
490 2102 627 2181 manent,
651 2101 698 2167 Tu
718 2100 772 2185 qui
790 2100 860 2184 pius
880 2118 912 2166 es
939 2101 972 2166 et
996 2100 1341 2168 inmunditiasmostras

103 2205 187 2270 solus
206 2205 365 2289 agnoscis,
397 2205 447 2272 fac
481 2224 552 2272 eum
575 2205 613 2273 de
641 2205 722 2272 malo
750 2203 783 2269 in
812 2206 925 2271 bonum
954 2207 986 2271 et
1009 2205 1145 2273 debono
1174 2206 1208 2271 in
1230 2205 1341 2271 melius

99 2309 323 2374 transmutare.
347 2309 389 2374 Flt
408 2309 472 2376 tale
493 2329 563 2374 eum
583 2309 651 2376 Due
683 2308 742 2376 tibi
782 2308 917 2394 digneris
936 2327 1082 2406 prepara,
1104 2311 1140 2375 ut
1167 2309 1280 2394 dignus
1299 2310 1343 2374 sit

102 2410 132 2476 in
155 2412 340 2495 perpetuum
358 2411 535 2479 sanctorum
547 2414 670 2480 tuorum
686 2413 794 2480 choros
810 2413 928 2494 sociari,
954 2413 1058 2497 Teque
1073 2432 1194 2497 semper
1206 2401 1345 2480 laudare·

101 2534 173 2580 cum
196 2515 312 2582 sanctis
334 2515 453 2601 angelis
474 2518 507 2583 et
526 2517 721 2603 archangelis
746 2518 778 2582 in
799 2518 926 2584 aeterna
946 2517 1055 2602 gloria,
1083 2537 1153 2584 cum
1175 2519 1287 2602 quibus
1309 2518 1341 2582 et

101 2620 227 2686 nostras
252 2638 339 2686 voces
359 2622 395 2688 ut
421 2620 523 2686 amitti
544 2621 655 2706 Jubeus
683 2621 893 2705 deprecamur,
915 2621 1046 2704 supplici
1076 2621 1265 2687 confessione
1293 2621 1340 2686 di·

101 2724 227 2790 centes:

207 2826 298 2892 Hanc
321 2827 418 2912 igitur
442 2828 626 2895 oblationem
656 2849 748 2914 quam
779 2828 838 2894 tibi
863 2829 1036 2894 offerrimus
1066 2847 1119 2912 pro
1147 2828 1262 2892 famulo
1286 2827 1340 2894 tuo

100 2930 142 2997 ll.
164 2931 201 2996 ιιι
224 2931 360 2998 omnium
380 2935 573 3016 peccatorum
596 2953 720 3010 suorum
746 2933 868 3000 veniam
892 2933 1035 3017 consequi
1058 2934 1213 2998 mereatur
1236 2950 1338 3016 quaes.

102 3033 181 3113 Dne,
201 3037 238 3099 ut
259 3036 400 3118 placatus
434 3037 566 3120 accipias
590 3039 626 3127 et
649 3037 858 3104 miserationis
882 3038 936 3104 tue
958 3037 1104 3120 largitate
1125 3035 1283 3115 concedes,
1303 3037 1341 3102 ut

100 3137 159 3202 fiat
183 3138 211 3203 ei
243 3138 424 3206 adveniam
450 3140 630 3208 delictorum
661 3144 692 3209 ιι
725 3144 852 3208 actuum
883 3141 1140 3220 emendationem,
1164 3141 1201 3206 ut
1228 3143 1259 3205 et
1289 3140 1340 3204 hie

100 3241 179 3306 bene
203 3243 307 3309 ualeat
338 3244 439 3310 vivere
467 3246 498 3310 ιι
527 3246 567 3311 ad
598 3247 737 3313 eternam
760 3245 987 3313 beatitudinem
1018 3245 1150 3312 feliciter
1181 3245 1340 3328 pervenire

100 3344 236 3430 Diesque
258 3349 377 3413 nostros
399 3398 406 3415 .
431 3398 440 3414 .
463 3399 470 3415 .
497 3399 504 3416 .

209 3450 326 3518 Comm.
371 3451 488 3520 Serrite
513 3453 582 3518 Dno
602 3453 635 3519 in
658 3452 768 3519 timore
801 3454 833 3520 et
857 3453 994 3521 exultate
1028 3452 1057 3518 ei
1078 3471 1148 3518 cum
1183 3453 1338 3528 tremores

98 3554 323 3638 apprehendite
348 3555 542 3640 disciplinam
565 3558 597 3624 et
619 3556 751 3640 pereatis
771 3555 810 3626 de
831 3557 881 3623 via
899 3557 994 3642 justa.

208 3658 257 3722 Ad
279 3677 344 3742 cop.
383 3658 509 3725 Refeeti
540 3678 647 3730 sumus
677 3659 765 3725 donis
788 3661 852 3726 tuis
876 3660 945 3725 Dne
969 3658 1146 3736 celestibus,
1168 3658 1202 3722 te
1223 3655 1339 3739 suppli-

98 3779 148 3826 ces
172 3779 354 3841 exoramus,
377 3763 413 3828 nt
443 3781 587 3829 converso
627 3763 719 3828 fratri
742 3766 846 3829 nostro
873 3764 912 3828 ad
936 3764 1019 3829 uiam
1049 3759 1192 3846 justitiae
1221 3759 1339 3824 fontem

96 3864 299 3932 lacrimarum
322 3865 355 3932 in
377 3883 447 3932 eum
471 3867 628 3934 concutias
650 3867 682 3933 et
695 3887 735 3934 ne
756 3868 821 3934 ulls
842 3867 978 3953 lugenda
1001 3866 1188 3944 committat,
1209 3865 1340 3947 paterna

97 3969 214 4052 pietate
239 3969 368 4056 castiga.
390 3971 477 4039 Per.
503 4019 510 4036 .
536 4023 543 4039 .

206 4074 319 4139 Postea
344 4092 414 4140 vero
439 4074 516 4140 dicit
536 4074 706 4167 sacerdos:
739 4076 981 4159 Preoceupemus
1005 4072 1117 4140 faeiem
1138 4071 1201 4140 Dni
1224 4071 1333 4140 incon·

97 4177 227 4243 sessione
252 4179 284 4242 et
307 4177 338 4241 in
360 4177 489 4260 psalmis
509 4177 678 4262 jubilemus
701 4177 739 4245 ei.

296 4281 442 4364 Sequitur
463 4289 557 4372 caput
580 4283 623 4350 od
641 4283 907 4350 reconciliandum
923 4284 1139 4366 poenitentem.

201 4381 261 4448 Cor
283 4383 431 4448 mundum
456 4403 526 4450 crea
549 4384 581 4449 in
604 4404 653 4452 me
676 4385 731 4453 Ds.
754 4385 858 4452 Amici
883 4385 945 4454 mei
968 4388 1000 4452 et
1030 4385 1159 4469 proximi
1181 4385 1257 4462 mei3
1278 4384 1339 4450 Εἰ-

96 4486 177 4551 ciens
201 4486 427 4554 misericordias
449 4488 538 4553 Dnus
557 4506 654 4571 usque
685 4488 718 4554 in
738 4489 840 4558 finem.
885 4489 981 4575 Kyrie
1010 4489 1143 4574 eleyson.
1176 4488 1238 4554 Χιι
1255 4486 1337 4572 eley-
