3122 4976
70 2005 72 2018 ·
207 1983 339 2049 tentiam
360 1982 506 2048 habuerit
526 1983 681 2050 abstineat
700 2002 732 2049 se
756 1983 793 2048 ab
810 2001 902 2048 urere
921 2001 979 2048 sua
999 1981 1047 2046 ΙΙΙ
1072 1980 1137 2045 dies
1160 1981 1232 2045 ante
1256 1978 1452 2044 communio·

210 225 254 302 46
313 253 455 310 Scbmtta.
475 244 781 308 DaaPoeatteata'ale
795 245 972 308 Romanam
980 248 1246 309 mttbtetortccber
1253 249 1453 319 Etalettaap.

209 443 265 510 per
292 423 445 508 jejunium
477 421 645 490 mundatus
666 421 760 489 fuerit
786 421 866 508 post,
886 421 917 487 X
937 441 1006 490 ann.
1034 376 1222 508 suscipiatur
1241 419 1281 486 ad
1309 419 1453 486 officium

210 528 401 595 clericorum.

624 603 629 618 '
693 593 848 714 (neae.
873 631 960 716 rae.)

320 733 522 802 CXXXVIII.
550 732 584 800 si
609 733 736 818 quis'de
756 733 853 818 preda
880 733 1042 801 adduxerit
1065 733 1104 799 ad
1137 732 1297 799 ecclesiam
1330 731 1363 797 in
1385 729 1454 796 ele·

209 840 357 912 mosinam
379 841 543 923 autequam
567 837 621 903 ille
641 837 865 922 poenitentiam
882 840 973 931 agat,
992 857 1052 903 non
1075 837 1261 922 suscipiatur
1273 854 1386 902 munus
1411 835 1453 900 ab

153 1021 160 1042 .
209 946 269 1024 his,
283 945 343 1028 -qui
365 943 530 1028 operantur
549 941 757 1027 iniquitatem.
902 1003 904 1008 .

420 1085 425 1090 -
537 1046 641 1132 (Mers.
664 1064 689 1113 o.
710 1048 762 1114 30.
782 1047 872 1112 Rom.
893 1064 919 1112 c.
940 1045 1009 1112 VII.
1033 1047 1062 1130 g.
1083 1046 1128 1131 8.)

310 1150 532 1219 CXXXVIlIl.
564 1148 598 1216 si
618 1151 695 1243 quis
709 1150 888 1216 venationes
907 1168 983 1233 quas
1007 1167 1126 1233 cunque
1142 1148 1278 1233 exegerit
1300 1147 1327 1212 si
1356 1144 1453 1211 cleri-

208 1275 262 1322 cus
282 1259 330 1324 est
353 1275 423 1322 ann.
445 1255 461 1318 Ι
480 1255 619 1353 peniteat
638 1253 851 1340 subdiaconus
868 1253 911 1318 ΙΙ.
937 1252 971 1318 Si
992 1255 1058 1336 pbr.
1080 1253 1130 1319 Ill
1150 1273 1220 1320 ann.
1240 1252 1391 1337 peniteat.

699 1357 805 1442 (Mers.
829 1377 855 1424 c.
880 1358 946 1443 77.)

316 1461 404 1530 CXL.
429 1460 461 1528 si
488 1461 557 1547 quis
584 1461 752 1528 comederit
779 1460 912 1546 corporis
932 1461 980 1544 sui
999 1461 1149 1526 'scabilem
1178 1461 1233 1526 aut
1259 1458 1452 1544 peduculum

209 1569 272 1662 aut,
286 1567 394 1632 bibens
417 1567 538 1632 urirram
554 1583 642 1630 suam
666 1566 721 1631 aut
743 1566 879 1631 stercora
899 1563 1034 1630 comedit
1054 1583 1124 1630 oum
1144 1582 1254 1630 manus
1273 1561 1451 1646 impositio·

207 1690 245 1736 ne
268 1691 338 1739 ann.
362 1671 379 1735 Ι
402 1688 473 1735 cum
492 1688 570 1754 pane
593 1670 624 1735 et
643 1686 723 1752 aqna
746 1668 894 1753 peniteat.

690 1773 796 1859 (Mers.
817 1794 846 1858 ¹c.
872 1773 957 1858 135.)

315 1878 421 1954 exal.
443 1878 613 1944 Bandicens
634 1878 735 1962 Episc.
758 1879 907 1966 inlentem
929 1876 996 1943 vice
1016 1875 1175 1959 baptismi.
1210 1875 1242 1940 Si
1263 1873 1332 1958 quis
1355 1873 1430 1956 peni

206 2107 276 2154 nem
301 2089 332 2152 et
354 2087 404 2150 ΙΙΙ
423 2088 494 2169 post
515 2104 583 2152 eam
606 2088 638 2152 et
658 2086 713 2152 XL
734 2089 766 2152 et
787 2085 865 2151 feria
887 2086 932 2152 VI
952 2086 984 2150 et
1001 2084 1050 2149 die
1072 2085 1234 2150 dominico.

365 2170 371 2190 ’
476 2214 477 2218 ’
548 2189 627 2256 Item
647 2191 746 2256 missa
767 2211 864 2272 saper
880 2189 1097 2272 penitentiam.

311 2293 421 2359 Justus
451 2312 483 2358 es
508 2293 575 2360 Dne
607 2294 638 2359 et
662 2295 783 2359 rectum
801 2292 954 2377 judicium
980 2293 1087 2370 tuum,
1112 2291 1160 2356 lac
1184 2309 1254 2355 cum
1278 2308 1366 2356 servo
1393 2291 1449 2356 tuo

205 2396 374 2462 secundum
399 2395 641 2462 misericordiam
663 2397 760 2464 tuam.

312 2500 364 2566 Ps.
387 2501 478 2586 Beati
497 2501 701 2567 immaculati.

314 2603 366 2671 Or.

142 2778 144 2783 ,
313 2709 361 2774 Da
385 2709 472 2774 nobis
494 2710 577 2790 Due,
600 2712 637 2775 ut
657 2709 739 2774 sicut
760 2708 917 2793 publicani
941 2708 1083 2792 precibus
1113 2709 1144 2772 et
1166 2705 1353 2784 confessione
1375 2707 1447 2790 pla·

204 2814 291 2879 catus
316 2833 358 2893 ea,
382 2813 428 2878 ita
453 2815 484 2879 et
505 2813 577 2878 huic
598 2814 781 2900 famulatae
796 2813 837 2880 N.
854 2812 976 2896 placare
1000 2811 1137 2894 digneris
1159 2812 1191 2875 et
1210 2810 1352 2893 precibus
1378 2811 1448 2894 ejus

203 2918 355 3002 benignus
379 2917 520 3002 adspira,
549 2920 586 2983 ut
616 2917 648 2982 in
672 2917 860 2984 confessione
884 2914 981 2981 flebili
1007 2913 1200 2998 permanenti
1231 2914 1262 2978 et
1293 2915 1447 2998 petitione

202 3023 351 3104 perpetua
379 3021 520 3088 celeriter
543 3023 683 3087 exoretur
728 3020 853 3104 Stisque
887 3020 1039 3084 altaribus
1068 3019 1099 3084 et
1125 3018 1326 3082 sacramentis
1352 3017 1447 3084 resti·

202 3125 291 3190 tutus
317 3144 423 3189 rursus
448 3125 555 3190 celesti
575 3124 679 3210 gratie
699 3123 900 3207 mancipetur.
926 3124 986 3187 Per
1011 3172 1018 3188 .
1044 3172 1051 3188 .
1076 3173 1084 3188 .
1109 3173 1116 3188 .
1154 3207 1156 3212 Ι

311 3227 417 3293 Lectio
438 3228 597 3312 Epistolae
620 3228 704 3294 beati
728 3228 819 3314 Pauli
839 3227 982 3312 Apostoli
1004 3225 1042 3291 ed
1063 3224 1224 3292 Galatbas.

307 3332 379 3410 Fre,
411 3331 437 3398 si
462 3331 573 3416 spiritu
600 3329 744 3412 rivinms,
768 3331 881 3416 spiritu
903 3332 934 3396 et
957 3329 1169 3410 ambulemus,
1191 3347 1252 3393 non
1272 3328 1447 3395 efficiamur

201 3435 302 3502 inanis
322 3434 439 3520 gloriae
467 3435 571 3519 cupidi
598 3435 730 3502 invicem
757 3435 957 3519 provocantes
979 3432 1113 3498 invicem
1135 3430 1317 3496 invidentes.
1353 3431 1445 3498 Etsi

200 3540 419 3624 preoccupatus
442 3539 535 3606 luerit
564 3540 655 3606 bomo
678 3539 711 3604 in
735 3538 837 3624 aliquo
857 3537 980 3618 delicto,
1008 3555 1061 3604 vos
1082 3536 1134 3620 qui
1154 3534 1331 3618 spirituales
1356 3537 1443 3614 estis,

204 3643 543 3727 instruitebujusmodi
560 3647 592 3708 in
614 3643 726 3726 spiritu
747 3641 886 3708 lenitatis
907 3641 1103 3708 considerans
1123 3641 1155 3705 te
1175 3637 1276 3723 ipsum
1297 3658 1334 3704 ne
1356 3641 1389 3706 et
1410 3643 1445 3707 tu

200 3746 372 3831 temptaris.
395 3743 727 3832 Alteralteriusj'onera
750 3747 872 3830 portate
897 3746 929 3811 et
951 3744 996 3810 sic
1019 3741 1231 3826 adimplebitis
1252 3742 1354 3826 legem
1375 3742 1442 3809 Xti.

310 3851 363 3919 Gr.
389 3850 515 3917 Salvum
545 3851 595 3918 lac
615 3870 737 3918 servum
767 3852 856 3917 tuum
882 3849 949 3915 Due
970 3849 1143 3933 sperantem
1159 3845 1196 3910 in
1219 3847 1261 3913 te.
1306 3846 1443 3914 Auribus

199 3956 321 4040 percipe
340 3952 409 4021 Dne
430 3956 600 4022 orationem
625 3975 735 4024 meam.
762 3953 899 4038 Alleloja
922 3953 1004 4036 Dne;
1025 3949 1319 4018 exauctorationem
1340 3970 1441 4018 meam

200 4064 232 4126 et
255 4061 371 4126 clamor
387 4078 481 4125 -meus
502 4060 542 4125 ad
562 4063 594 4126 te
614 4059 728 4128 veniat.

304 4162 372 4247 Seq.
394 4162 444 4232 Sti
465 4165 628 4250 Evangelii
649 4163 817 4231 secundum
839 4163 967 4228 Lucam.
999 4229 1001 4236 .

303 4268 340 4331 ln
362 4267 418 4333 illo
440 4268 579 4351 tempore
599 4266 678 4349 dixit
701 4266 794 4338 lesus
815 4264 853 4330 ed
887 4261 1037 4348 quosdam
1067 4261 1119 4345 qui
1139 4261 1171 4326 in
1191 4277 1224 4326 se
1245 4261 1442 4328 confidebant

195 4372 345 4454 tanquam
361 4368 440 4454 justi
461 4373 495 4436 et
513 4371 758 4456 aspernabantur
780 4370 896 4436 ceteros
916 4365 1094 4450 parabolam
1117 4364 1227 4428 istam:
1249 4363 1320 4430 Duo
1340 4365 1440 4432 bomi-

195 4493 248 4540 nes
269 4475 472 4542 ascenderunt
491 4477 523 4542 in
543 4475 697 4560 templum
713 4525 807 4543 .....
829 4475 862 4539 et
882 4470 935 4554 qui
955 4489 989 4536 sc
1008 4466 1221 4534 humiliaverit
1240 4468 1438 4535 exaltabitur.

1415 2 1419 24 l

1552 53 1553 66 .

1552 3983 1553 3998 .
