<?xml version="1.0" encoding="UTF-8"?>
<!DOCTYPE html PUBLIC "-//W3C//DTD XHTML 1.0 Transitional//EN"
    "http://www.w3.org/TR/xhtml1/DTD/xhtml1-transitional.dtd">
<html xmlns="http://www.w3.org/1999/xhtml" xml:lang="en" lang="en">
 <head>
  <title>
</title>
<meta http-equiv="Content-Type" content="text/html;charset=utf-8" />
  <meta name='ocr-system' content='tesseract 3.04.00' />
  <meta name='ocr-capabilities' content='ocr_page ocr_carea ocr_par ocr_line ocrx_word'/>
</head>
<body>
  <div class='ocr_page' id='page_1' title='image "./archivfrkatholi13unkngoog_0032.png"; bbox 0 0 3150 4978; ppageno 0'>
   <div class='ocr_carea' id='block_1_1' title="bbox 382 284 1342 357">
    <p class='ocr_par' dir='ltr' id='par_1_1' title="bbox 382 284 1342 357">
     <span class='ocr_line' id='line_1_1' title="bbox 382 284 1342 357; baseline 0.004 -3"><span class='ocrx_word' id='word_1_1' title='bbox 382 297 449 355; x_wconf 86' lang='lat' dir='ltr'><strong>Dua</strong></span> <span class='ocrx_word' id='word_1_2' title='bbox 468 298 696 356; x_wconf 80' lang='lat' dir='ltr'><strong>Pocaitcrotialc</strong></span> <span class='ocrx_word' id='word_1_3' title='bbox 721 299 950 357; x_wconf 81' lang='lat' dir='ltr'><strong>Vaiiccllcnaon</strong></span> <span class='ocrx_word' id='word_1_4' title='bbox 966 301 1002 357; x_wconf 86' lang='lat' dir='ltr'><strong>E.</strong></span> <span class='ocrx_word' id='word_1_5' title='bbox 1019 302 1064 357; x_wconf 84' lang='lat'><strong>15.</strong></span> <span class='ocrx_word' id='word_1_6' title='bbox 1301 284 1342 352; x_wconf 80' lang='grc'><strong>27</strong></span> 
     </span>
    </p>
   </div>
   <div class='ocr_carea' id='block_1_2' title="bbox 39 470 1501 3241">
    <p class='ocr_par' dir='ltr' id='par_1_2' title="bbox 39 457 1501 558">
     <span class='ocr_line' id='line_1_2' title="bbox 39 470 1501 558; baseline 0.002 -23"><span class='ocrx_word' id='word_1_7' title='bbox 39 477 41 516; x_wconf 61' lang='lat' dir='ltr'><strong>f</strong></span> <span class='ocrx_word' id='word_1_8' title='bbox 181 477 185 480; x_wconf 84' lang='grc'><strong>’</strong></span> <span class='ocrx_word' id='word_1_9' title='bbox 208 471 289 536; x_wconf 89' lang='lat' dir='ltr'><strong>Item</strong></span> <span class='ocrx_word' id='word_1_10' title='bbox 312 471 385 538; x_wconf 86' lang='lat' dir='ltr'><strong>ordo</strong></span> <span class='ocrx_word' id='word_1_11' title='bbox 415 471 455 536; x_wconf 86' lang='lat' dir='ltr'><strong>ad</strong></span> <span class='ocrx_word' id='word_1_12' title='bbox 478 470 612 537; x_wconf 86' lang='lat' dir='ltr'><strong>dandam</strong></span> <span class='ocrx_word' id='word_1_13' title='bbox 628 472 840 556; x_wconf 77' lang='lat' dir='ltr'><strong>penitentiam.</strong></span> <span class='ocrx_word' id='word_1_14' title='bbox 863 474 1020 558; x_wconf 80' lang='lat' dir='ltr'><strong>Imprimis</strong></span> <span class='ocrx_word' id='word_1_15' title='bbox 1032 474 1109 540; x_wconf 85' lang='lat' dir='ltr'><strong>dicit</strong></span> <span class='ocrx_word' id='word_1_16' title='bbox 1120 493 1165 558; x_wconf 84' lang='lat' dir='ltr'><strong>pe.</strong></span> <span class='ocrx_word' id='word_1_17' title='bbox 1182 475 1343 544; x_wconf 88' lang='lat' dir='ltr'>XXXVII.</span> <span class='ocrx_word' id='word_1_18' title='bbox 1499 523 1501 538; x_wconf 65' lang='lat'>.</span> 
     </span>
    </p>

    <p class='ocr_par' dir='ltr' id='par_1_3' title="bbox 39 559 1369 770">
     <span class='ocr_line' id='line_1_3' title="bbox 115 564 1369 662; baseline 0.008 -25.429"><span class='ocrx_word' id='word_1_19' title='bbox 115 574 229 642; x_wconf 82' lang='lat' dir='ltr'><strong>totumr</strong></span> <span class='ocrx_word' id='word_1_20' title='bbox 252 576 319 641; x_wconf 88' lang='lat' dir='ltr'><strong>Due</strong></span> <span class='ocrx_word' id='word_1_21' title='bbox 340 596 379 642; x_wconf 91' lang='lat' dir='ltr'><strong>ue</strong></span> <span class='ocrx_word' id='word_1_22' title='bbox 401 575 433 640; x_wconf 91' lang='lat' dir='ltr'><strong>in</strong></span> <span class='ocrx_word' id='word_1_23' title='bbox 455 576 503 640; x_wconf 84' lang='lat' dir='ltr'><strong>Ira</strong></span> <span class='ocrx_word' id='word_1_24' title='bbox 518 577 573 640; x_wconf 89' lang='lat' dir='ltr'><strong>tua</strong></span> <span class='ocrx_word' id='word_1_25' title='bbox 595 575 635 644; x_wconf 94' lang='lat' dir='ltr'><strong>II.</strong></span> <span class='ocrx_word' id='word_1_26' title='bbox 658 577 691 642; x_wconf 92' lang='lat' dir='ltr'><strong>et</strong></span> <span class='ocrx_word' id='word_1_27' title='bbox 712 579 820 660; x_wconf 80' lang='lat' dir='ltr'><strong>postea</strong></span> <span class='ocrx_word' id='word_1_28' title='bbox 841 577 919 644; x_wconf 87' lang='lat' dir='ltr'><strong>dicit</strong></span> <span class='ocrx_word' id='word_1_29' title='bbox 940 579 1018 646; x_wconf 91' lang='lat' dir='ltr'><strong>orat.</strong></span> <span class='ocrx_word' id='word_1_30' title='bbox 1042 579 1074 644; x_wconf 93' lang='lat' dir='ltr'><strong>et</strong></span> <span class='ocrx_word' id='word_1_31' title='bbox 1096 577 1172 644; x_wconf 85' lang='lat' dir='ltr'><strong>dicit</strong></span> <span class='ocrx_word' id='word_1_32' title='bbox 1194 598 1239 662; x_wconf 85' lang='lat' dir='ltr'><strong>ps.</strong></span> <span class='ocrx_word' id='word_1_33' title='bbox 1263 579 1344 646; x_wconf 80' lang='lat' dir='ltr'>CIL:</span> <span class='ocrx_word' id='word_1_34' title='bbox 1366 564 1369 568; x_wconf 38' lang='lat'><strong><em>¹</em></strong></span> 
     </span>
     <span class='ocr_line' id='line_1_4' title="bbox 113 677 1343 770; baseline 0.008 -30"><span class='ocrx_word' id='word_1_35' title='bbox 113 677 364 770; x_wconf 87' lang='lat' dir='ltr'><strong>Benedicanima</strong></span> <span class='ocrx_word' id='word_1_36' title='bbox 386 693 484 764; x_wconf 84' lang='lat' dir='ltr'><strong>usque</strong></span> <span class='ocrx_word' id='word_1_37' title='bbox 508 717 546 728; x_wconf 91' lang='lat'>-</span> <span class='ocrx_word' id='word_1_38' title='bbox 570 681 601 746; x_wconf 88' lang='lat' dir='ltr'><strong>et</strong></span> <span class='ocrx_word' id='word_1_39' title='bbox 623 681 823 748; x_wconf 84' lang='lat' dir='ltr'><strong>renouabitur</strong></span> <span class='ocrx_word' id='word_1_40' title='bbox 844 683 927 748; x_wconf 85' lang='lat' dir='ltr'><strong>sicut</strong></span> <span class='ocrx_word' id='word_1_41' title='bbox 948 683 1060 766; x_wconf 83' lang='lat' dir='ltr'>aquile.</span> <span class='ocrx_word' id='word_1_42' title='bbox 1084 683 1250 749; x_wconf 82' lang='lat' dir='ltr'><strong>etiterum</strong></span> <span class='ocrx_word' id='word_1_43' title='bbox 1284 683 1343 751; x_wconf 88' lang='lat' dir='ltr'><strong>dic.</strong></span> 
     </span>
    </p>

    <p class='ocr_par' dir='ltr' id='par_1_4' title="bbox 39 782 1342 869">
     <span class='ocr_line' id='line_1_5' title="bbox 39 782 1342 869; baseline 0.008 -27"><span class='ocrx_word' id='word_1_44' title='bbox 39 835 41 842; x_wconf 93' lang='lat'>.</span> <span class='ocrx_word' id='word_1_45' title='bbox 113 782 182 848; x_wconf 91' lang='lat' dir='ltr'><strong>orat.</strong></span> <span class='ocrx_word' id='word_1_46' title='bbox 205 783 238 848; x_wconf 90' lang='lat' dir='ltr'><strong>et</strong></span> <span class='ocrx_word' id='word_1_47' title='bbox 260 803 305 867; x_wconf 84' lang='lat' dir='ltr'><strong>pe.</strong></span> <span class='ocrx_word' id='word_1_48' title='bbox 327 784 378 850; x_wconf 64' lang='lat' dir='ltr'><strong>Iu:</strong></span> <span class='ocrx_word' id='word_1_49' title='bbox 395 782 548 849; x_wconf 85' lang='lat' dir='ltr'><strong>Miserere</strong></span> <span class='ocrx_word' id='word_1_50' title='bbox 561 821 595 830; x_wconf 89' lang='lat'>-</span> <span class='ocrx_word' id='word_1_51' title='bbox 611 803 707 868; x_wconf 82' lang='lat' dir='ltr'><strong>unque</strong></span> <span class='ocrx_word' id='word_1_52' title='bbox 731 786 816 851; x_wconf 90' lang='lat' dir='ltr'><strong>—et</strong></span> <span class='ocrx_word' id='word_1_53' title='bbox 835 805 941 852; x_wconf 84' lang='lat' dir='ltr'><strong>omues</strong></span> <span class='ocrx_word' id='word_1_54' title='bbox 962 785 1143 869; x_wconf 76' lang='lat' dir='ltr'><strong>iniquitates</strong></span> <span class='ocrx_word' id='word_1_55' title='bbox 1159 805 1244 851; x_wconf 87' lang='lat' dir='ltr'><strong>meas</strong></span> <span class='ocrx_word' id='word_1_56' title='bbox 1265 786 1342 854; x_wconf 88' lang='lat' dir='ltr'><strong>dele.</strong></span> 
     </span>
    </p>

    <p class='ocr_par' dir='ltr' id='par_1_5' title="bbox 39 883 1345 1178">
     <span class='ocr_line' id='line_1_6' title="bbox 39 883 1344 973; baseline 0.008 -26"><span class='ocrx_word' id='word_1_57' title='bbox 39 959 40 964; x_wconf 39' lang='lat'>.</span> <span class='ocrx_word' id='word_1_58' title='bbox 112 883 180 949; x_wconf 85' lang='lat' dir='ltr'><strong>Post</strong></span> <span class='ocrx_word' id='word_1_59' title='bbox 206 885 282 952; x_wconf 89' lang='lat' dir='ltr'><strong>hacc</strong></span> <span class='ocrx_word' id='word_1_60' title='bbox 304 885 382 953; x_wconf 85' lang='lat' dir='ltr'><strong>dicit</strong></span> <span class='ocrx_word' id='word_1_61' title='bbox 399 905 443 970; x_wconf 85' lang='lat' dir='ltr'><strong>pe.</strong></span> <span class='ocrx_word' id='word_1_62' title='bbox 467 886 575 954; x_wconf 84' lang='lat' dir='ltr'>LIII:</span> <span class='ocrx_word' id='word_1_63' title='bbox 599 887 652 954; x_wconf 84' lang='lat' dir='ltr'><strong>De.</strong></span> <span class='ocrx_word' id='word_1_64' title='bbox 675 887 707 952; x_wconf 92' lang='lat' dir='ltr'><strong>in</strong></span> <span class='ocrx_word' id='word_1_65' title='bbox 730 888 852 955; x_wconf 89' lang='lat' dir='ltr'><strong>nomine</strong></span> <span class='ocrx_word' id='word_1_66' title='bbox 873 890 926 954; x_wconf 90' lang='lat' dir='ltr'><strong>tuo</strong></span> <span class='ocrx_word' id='word_1_67' title='bbox 950 891 981 954; x_wconf 87' lang='lat' dir='ltr'><strong>et</strong></span> <span class='ocrx_word' id='word_1_68' title='bbox 1003 907 1056 966; x_wconf 69' lang='lat' dir='ltr'><strong>cra</strong></span> <span class='ocrx_word' id='word_1_69' title='bbox 1078 889 1112 954; x_wconf 89' lang='lat' dir='ltr'><strong>et</strong></span> <span class='ocrx_word' id='word_1_70' title='bbox 1133 888 1191 958; x_wconf 91' lang='lat' dir='ltr'><strong>dio.</strong></span> <span class='ocrx_word' id='word_1_71' title='bbox 1214 909 1259 973; x_wconf 75' lang='lat' dir='ltr'><strong>pr.</strong></span> <span class='ocrx_word' id='word_1_72' title='bbox 1282 889 1344 957; x_wconf 81' lang='lat' dir='ltr'><strong>CL:</strong></span> 
     </span>
     <span class='ocr_line' id='line_1_7' title="bbox 113 985 1345 1077; baseline 0.007 -27"><span class='ocrx_word' id='word_1_73' title='bbox 113 985 184 1066; x_wconf 82' lang='lat' dir='ltr'><strong>Quid</strong></span> <span class='ocrx_word' id='word_1_74' title='bbox 204 989 351 1073; x_wconf 72' lang='lat' dir='ltr'><strong>glorians·</strong></span> <span class='ocrx_word' id='word_1_75' title='bbox 381 989 413 1055; x_wconf 94' lang='lat' dir='ltr'><strong>in</strong></span> <span class='ocrx_word' id='word_1_76' title='bbox 445 991 566 1056; x_wconf 88' lang='lat' dir='ltr'><strong>malitia</strong></span> <span class='ocrx_word' id='word_1_77' title='bbox 598 999 694 1074; x_wconf 81' lang='lat' dir='ltr'><strong>us&#39;que</strong></span> <span class='ocrx_word' id='word_1_78' title='bbox 716 1029 758 1040; x_wconf 87' lang='lat'>-</span> <span class='ocrx_word' id='word_1_79' title='bbox 781 991 931 1059; x_wconf 86' lang='lat' dir='ltr'><strong>videbunt</strong></span> <span class='ocrx_word' id='word_1_80' title='bbox 960 992 1040 1077; x_wconf 86' lang='lat' dir='ltr'><strong>juati</strong></span> <span class='ocrx_word' id='word_1_81' title='bbox 1073 993 1105 1058; x_wconf 93' lang='lat' dir='ltr'><strong>et</strong></span> <span class='ocrx_word' id='word_1_82' title='bbox 1126 992 1287 1072; x_wconf 87' lang='lat' dir='ltr'><strong>tinebant;</strong></span> <span class='ocrx_word' id='word_1_83' title='bbox 1312 995 1345 1059; x_wconf 92' lang='lat' dir='ltr'><strong>et</strong></span> 
     </span>
     <span class='ocr_line' id='line_1_8' title="bbox 112 1090 714 1178; baseline 0.015 -24"><span class='ocrx_word' id='word_1_84' title='bbox 112 1090 182 1158; x_wconf 81' lang='lat' dir='ltr'><strong>dicii</strong></span> <span class='ocrx_word' id='word_1_85' title='bbox 201 1099 282 1160; x_wconf 73' lang='grc' dir='ltr'><em>οναΐ.</em></span> <span class='ocrx_word' id='word_1_86' title='bbox 304 1100 339 1160; x_wconf 79' lang='lat' dir='ltr'><strong>ut</strong></span> <span class='ocrx_word' id='word_1_87' title='bbox 359 1095 506 1178; x_wconf 51' lang='lat' dir='ltr'><strong>&amp;pertua</strong></span> <span class='ocrx_word' id='word_1_88' title='bbox 526 1095 714 1178; x_wconf 75' lang='lat' dir='ltr'><strong>repperitur.</strong></span> 
     </span>
    </p>

    <p class='ocr_par' dir='ltr' id='par_1_6' title="bbox 39 1183 1477 3241">
     <span class='ocr_line' id='line_1_9' title="bbox 467 1183 990 1281; baseline 0.01 -18"><span class='ocrx_word' id='word_1_89' title='bbox 467 1183 633 1281; x_wconf 59' lang='lat' dir='ltr'><strong>Incipiunt</strong></span> <span class='ocrx_word' id='word_1_90' title='bbox 654 1199 796 1281; x_wconf 76' lang='lat' dir='ltr'><strong>capituto</strong></span> <span class='ocrx_word' id='word_1_91' title='bbox 817 1199 990 1270; x_wconf 82' lang='lat' dir='ltr'><strong>Oaaoaum.</strong></span> 
     </span>
     <span class='ocr_line' id='line_1_10' title="bbox 186 1301 773 1370; baseline 0.007 -4"><span class='ocrx_word' id='word_1_92' title='bbox 186 1341 190 1352; x_wconf 34' lang='grc' dir='ltr'><strong>κ</strong></span> <span class='ocrx_word' id='word_1_93' title='bbox 275 1302 301 1370; x_wconf 92' lang='grc' dir='ltr'><strong>Ι.</strong></span> <span class='ocrx_word' id='word_1_94' title='bbox 324 1301 371 1366; x_wconf 91' lang='lat' dir='ltr'><strong>De</strong></span> <span class='ocrx_word' id='word_1_95' title='bbox 395 1302 561 1368; x_wconf 88' lang='lat' dir='ltr'><strong>homicidio</strong></span> <span class='ocrx_word' id='word_1_96' title='bbox 581 1302 773 1370; x_wconf 88' lang='lat' dir='ltr'><strong>clericorum.</strong></span> 
     </span>
     <span class='ocr_line' id='line_1_11' title="bbox 262 1405 830 1472; baseline 0.007 -4"><span class='ocrx_word' id='word_1_97' title='bbox 262 1405 301 1471; x_wconf 93' lang='lat' dir='ltr'><strong>II.</strong></span> <span class='ocrx_word' id='word_1_98' title='bbox 326 1405 372 1470; x_wconf 91' lang='lat' dir='ltr'><strong>De</strong></span> <span class='ocrx_word' id='word_1_99' title='bbox 392 1405 556 1471; x_wconf 85' lang='lat' dir='ltr'><strong>homicidio</strong></span> <span class='ocrx_word' id='word_1_100' title='bbox 579 1426 639 1472; x_wconf 94' lang='lat' dir='ltr'><strong>non</strong></span> <span class='ocrx_word' id='word_1_101' title='bbox 662 1407 830 1472; x_wconf 86' lang='lat' dir='ltr'><strong>voluntate.</strong></span> 
     </span>
     <span class='ocr_line' id='line_1_12' title="bbox 246 1509 811 1580; baseline 0.012 -8"><span class='ocrx_word' id='word_1_102' title='bbox 246 1509 304 1576; x_wconf 93' lang='lat' dir='ltr'>III.</span> <span class='ocrx_word' id='word_1_103' title='bbox 331 1509 375 1575; x_wconf 88' lang='lat' dir='ltr'><strong>De</strong></span> <span class='ocrx_word' id='word_1_104' title='bbox 395 1511 612 1576; x_wconf 87' lang='lat' dir='ltr'><strong>consentiendo</strong></span> <span class='ocrx_word' id='word_1_105' title='bbox 634 1509 811 1580; x_wconf 80' lang='lat' dir='ltr'><strong>homicidia</strong></span> 
     </span>
     <span class='ocr_line' id='line_1_13' title="bbox 235 1613 1009 1700; baseline 0.01 -22"><span class='ocrx_word' id='word_1_106' title='bbox 235 1613 308 1682; x_wconf 89' lang='lat'>1111.</span> <span class='ocrx_word' id='word_1_107' title='bbox 335 1615 380 1680; x_wconf 89' lang='lat' dir='ltr'><strong>De</strong></span> <span class='ocrx_word' id='word_1_108' title='bbox 401 1615 566 1682; x_wconf 87' lang='lat' dir='ltr'><strong>homicidio</strong></span> <span class='ocrx_word' id='word_1_109' title='bbox 587 1636 643 1700; x_wconf 86' lang='lat' dir='ltr'><strong>pro</strong></span> <span class='ocrx_word' id='word_1_110' title='bbox 665 1617 803 1684; x_wconf 82' lang='lat' dir='ltr'><strong>uindIeta</strong></span> <span class='ocrx_word' id='word_1_111' title='bbox 825 1618 931 1684; x_wconf 83' lang='lat' dir='ltr'><strong>fratria</strong></span> <span class='ocrx_word' id='word_1_112' title='bbox 950 1621 1009 1686; x_wconf 86' lang='lat' dir='ltr'><strong>sui.</strong></span> 
     </span>
     <span class='ocr_line' id='line_1_14' title="bbox 271 1715 880 1787; baseline 0.011 -9"><span class='ocrx_word' id='word_1_113' title='bbox 271 1717 306 1784; x_wconf 91' lang='lat' dir='ltr'><strong>V.</strong></span> <span class='ocrx_word' id='word_1_114' title='bbox 333 1719 378 1784; x_wconf 87' lang='lat' dir='ltr'><strong>De</strong></span> <span class='ocrx_word' id='word_1_115' title='bbox 402 1720 568 1787; x_wconf 82' lang='lat' dir='ltr'><strong>hornIcidio</strong></span> <span class='ocrx_word' id='word_1_116' title='bbox 591 1720 748 1787; x_wconf 87' lang='lat' dir='ltr'><strong>laicorum.</strong></span> <span class='ocrx_word' id='word_1_117' title='bbox 879 1715 880 1718; x_wconf 66' lang='grc'>’</span> 
     </span>
     <span class='ocr_line' id='line_1_15' title="bbox 253 1811 1345 1910; baseline 0.002 -22"><span class='ocrx_word' id='word_1_118' title='bbox 253 1822 306 1889; x_wconf 90' lang='lat' dir='ltr'><strong>VI.</strong></span> <span class='ocrx_word' id='word_1_119' title='bbox 332 1822 377 1888; x_wconf 88' lang='lat' dir='ltr'><strong>De</strong></span> <span class='ocrx_word' id='word_1_120' title='bbox 399 1823 454 1903; x_wconf 86' lang='lat' dir='ltr'><strong>eis,</strong></span> <span class='ocrx_word' id='word_1_121' title='bbox 483 1824 537 1908; x_wconf 86' lang='lat' dir='ltr'><strong>qui</strong></span> <span class='ocrx_word' id='word_1_122' title='bbox 567 1844 600 1890; x_wconf 87' lang='lat' dir='ltr'><strong>se</strong></span> <span class='ocrx_word' id='word_1_123' title='bbox 627 1824 709 1908; x_wconf 83' lang='lat' dir='ltr'><strong>ipsos</strong></span> <span class='ocrx_word' id='word_1_124' title='bbox 729 1825 873 1891; x_wconf 86' lang='lat' dir='ltr'><strong>occidunt</strong></span> <span class='ocrx_word' id='word_1_125' title='bbox 894 1811 948 1910; x_wconf 82' lang='lat' dir='ltr'><strong>per</strong></span> <span class='ocrx_word' id='word_1_126' title='bbox 970 1824 1185 1893; x_wconf 83' lang='lat' dir='ltr'><strong>infirmitatem</strong></span> <span class='ocrx_word' id='word_1_127' title='bbox 1208 1829 1263 1892; x_wconf 90' lang='lat' dir='ltr'><strong>aut</strong></span> <span class='ocrx_word' id='word_1_128' title='bbox 1291 1847 1345 1910; x_wconf 87' lang='lat' dir='ltr'><strong>per</strong></span> 
     </span>
     <span class='ocr_line' id='line_1_16' title="bbox 330 1927 483 1994; baseline 0.013 -2"><span class='ocrx_word' id='word_1_129' title='bbox 330 1927 483 1994; x_wconf 88' lang='lat' dir='ltr'><strong>timorem.</strong></span> 
     </span>
     <span class='ocr_line' id='line_1_17' title="bbox 238 2031 1343 2119; baseline 0.003 -24"><span class='ocrx_word' id='word_1_130' title='bbox 238 2031 306 2098; x_wconf 91' lang='lat' dir='ltr'>VII.</span> <span class='ocrx_word' id='word_1_131' title='bbox 328 2032 375 2098; x_wconf 92' lang='lat' dir='ltr'><strong>De</strong></span> <span class='ocrx_word' id='word_1_132' title='bbox 397 2051 442 2110; x_wconf 85' lang='lat' dir='ltr'><strong>eo,</strong></span> <span class='ocrx_word' id='word_1_133' title='bbox 461 2032 515 2116; x_wconf 89' lang='lat' dir='ltr'><strong>qui</strong></span> <span class='ocrx_word' id='word_1_134' title='bbox 537 2031 635 2097; x_wconf 86' lang='lat' dir='ltr'><strong>filium</strong></span> <span class='ocrx_word' id='word_1_135' title='bbox 651 2051 742 2098; x_wconf 86' lang='lat' dir='ltr'><strong>suum</strong></span> <span class='ocrx_word' id='word_1_136' title='bbox 764 2032 877 2100; x_wconf 90' lang='lat' dir='ltr'><strong>occidit</strong></span> <span class='ocrx_word' id='word_1_137' title='bbox 894 2034 960 2100; x_wconf 86' lang='lat' dir='ltr'><strong>eine</strong></span> <span class='ocrx_word' id='word_1_138' title='bbox 979 2034 1170 2119; x_wconf 86' lang='lat' dir='ltr'><strong>baptismum</strong></span> <span class='ocrx_word' id='word_1_139' title='bbox 1186 2033 1343 2118; x_wconf 83' lang='lat' dir='ltr'><strong>adpbruur</strong></span> 
     </span>
     <span class='ocr_line' id='line_1_18' title="bbox 333 2136 1075 2203; baseline 0.015 -3"><span class='ocrx_word' id='word_1_140' title='bbox 333 2136 520 2203; x_wconf 85' lang='lat' dir='ltr'><strong>nuntiatum.</strong></span> <span class='ocrx_word' id='word_1_141' title='bbox 1072 2143 1075 2147; x_wconf 77' lang='grc'><strong>’</strong></span> 
     </span>
     <span class='ocr_line' id='line_1_19' title="bbox 222 2231 1477 2328; baseline 0.002 -25"><span class='ocrx_word' id='word_1_142' title='bbox 222 2239 309 2306; x_wconf 90' lang='lat' dir='ltr'>Vlll.</span> <span class='ocrx_word' id='word_1_143' title='bbox 331 2239 379 2305; x_wconf 90' lang='lat' dir='ltr'><strong>De</strong></span> <span class='ocrx_word' id='word_1_144' title='bbox 403 2240 552 2311; x_wconf 89' lang='lat' dir='ltr'><strong>infantem</strong></span> <span class='ocrx_word' id='word_1_145' title='bbox 573 2243 729 2307; x_wconf 71' lang='lat' dir='ltr'><strong>munuum</strong></span> <span class='ocrx_word' id='word_1_146' title='bbox 760 2243 826 2308; x_wconf 86' lang='lat' dir='ltr'><strong>eine</strong></span> <span class='ocrx_word' id='word_1_147' title='bbox 854 2241 1008 2326; x_wconf 72' lang='lat' dir='ltr'><strong>baptismo</strong></span> <span class='ocrx_word' id='word_1_148' title='bbox 1036 2260 1090 2327; x_wconf 89' lang='lat' dir='ltr'><strong>per</strong></span> <span class='ocrx_word' id='word_1_149' title='bbox 1117 2241 1341 2328; x_wconf 78' lang='lat' dir='ltr'><strong>negligentiam</strong></span> <span class='ocrx_word' id='word_1_150' title='bbox 1471 2231 1477 2239; x_wconf 61' lang='grc'><em>“</em></span> 
     </span>
     <span class='ocr_line' id='line_1_20' title="bbox 333 2343 606 2426; baseline 0.011 -19"><span class='ocrx_word' id='word_1_151' title='bbox 333 2343 513 2426; x_wconf 82' lang='lat' dir='ltr'><strong>parentibus</strong></span> <span class='ocrx_word' id='word_1_152' title='bbox 533 2343 606 2410; x_wconf 80' lang='lat' dir='ltr'><strong>suta.</strong></span> 
     </span>
     <span class='ocr_line' id='line_1_21' title="bbox 205 2446 818 2533; baseline 0.008 -22"><span class='ocrx_word' id='word_1_153' title='bbox 205 2446 309 2515; x_wconf 91' lang='lat' dir='ltr'>VIIII.</span> <span class='ocrx_word' id='word_1_154' title='bbox 334 2448 379 2514; x_wconf 89' lang='lat' dir='ltr'><strong>De</strong></span> <span class='ocrx_word' id='word_1_155' title='bbox 401 2449 632 2533; x_wconf 82' lang='lat' dir='ltr'><strong>oppressoribus</strong></span> <span class='ocrx_word' id='word_1_156' title='bbox 653 2450 818 2518; x_wconf 90' lang='lat' dir='ltr'><strong>infantum.</strong></span> 
     </span>
     <span class='ocr_line' id='line_1_22' title="bbox 271 2551 939 2638; baseline 0.007 -22"><span class='ocrx_word' id='word_1_157' title='bbox 271 2551 311 2618; x_wconf 87' lang='lat' dir='ltr'><strong>X.</strong></span> <span class='ocrx_word' id='word_1_158' title='bbox 334 2551 379 2617; x_wconf 92' lang='lat' dir='ltr'><strong>De</strong></span> <span class='ocrx_word' id='word_1_159' title='bbox 400 2551 448 2617; x_wconf 85' lang='lat' dir='ltr'><strong>his</strong></span> <span class='ocrx_word' id='word_1_160' title='bbox 469 2554 522 2636; x_wconf 88' lang='lat' dir='ltr'><strong>qui</strong></span> <span class='ocrx_word' id='word_1_161' title='bbox 545 2553 765 2619; x_wconf 87' lang='lat' dir='ltr'><strong>inexercitum</strong></span> <span class='ocrx_word' id='word_1_162' title='bbox 789 2556 939 2638; x_wconf 85' lang='lat' dir='ltr'><strong>pugnant.</strong></span> 
     </span>
     <span class='ocr_line' id='line_1_23' title="bbox 255 2655 1283 2753; baseline 0.004 -33"><span class='ocrx_word' id='word_1_163' title='bbox 255 2655 311 2721; x_wconf 92' lang='lat' dir='ltr'><strong>XI.</strong></span> <span class='ocrx_word' id='word_1_164' title='bbox 332 2656 510 2741; x_wconf 85' lang='lat' dir='ltr'><strong>Desponsa</strong></span> <span class='ocrx_word' id='word_1_165' title='bbox 531 2659 564 2722; x_wconf 88' lang='lat' dir='ltr'><strong>et</strong></span> <span class='ocrx_word' id='word_1_166' title='bbox 583 2677 686 2724; x_wconf 83' lang='lat' dir='ltr'><strong>sorore</strong></span> <span class='ocrx_word' id='word_1_167' title='bbox 705 2658 783 2742; x_wconf 82' lang='lat' dir='ltr'><strong>ejus,</strong></span> <span class='ocrx_word' id='word_1_168' title='bbox 807 2659 840 2723; x_wconf 50' lang='lat' dir='ltr'><strong>oi¹</strong></span> <span class='ocrx_word' id='word_1_169' title='bbox 858 2659 937 2753; x_wconf 79' lang='lat' dir='ltr'><strong>forte</strong></span> <span class='ocrx_word' id='word_1_170' title='bbox 961 2658 1020 2724; x_wconf 84' lang='lat' dir='ltr'><strong>eibi</strong></span> <span class='ocrx_word' id='word_1_171' title='bbox 1040 2677 1144 2725; x_wconf 87' lang='lat' dir='ltr'><strong>necem</strong></span> <span class='ocrx_word' id='word_1_172' title='bbox 1165 2658 1283 2725; x_wconf 89' lang='lat' dir='ltr'><strong>intulit.</strong></span> 
     </span>
     <span class='ocr_line' id='line_1_24' title="bbox 39 2760 1016 2842; baseline 0.003 -18"><span class='ocrx_word' id='word_1_173' title='bbox 39 2761 41 2814; x_wconf 61' lang='grc' dir='ltr'><strong><em>ἓ</em></strong></span> <span class='ocrx_word' id='word_1_174' title='bbox 236 2760 309 2828; x_wconf 87' lang='lat' dir='ltr'><strong>XIi.</strong></span> <span class='ocrx_word' id='word_1_175' title='bbox 336 2761 379 2825; x_wconf 87' lang='lat' dir='ltr'><strong>De</strong></span> <span class='ocrx_word' id='word_1_176' title='bbox 401 2761 612 2842; x_wconf 83' lang='lat' dir='ltr'><strong>fornicatione,</strong></span> <span class='ocrx_word' id='word_1_177' title='bbox 635 2764 672 2827; x_wconf 88' lang='lat' dir='ltr'><strong>ut</strong></span> <span class='ocrx_word' id='word_1_178' title='bbox 694 2762 845 2829; x_wconf 83' lang='lat' dir='ltr'><strong>sodomite</strong></span> <span class='ocrx_word' id='word_1_179' title='bbox 865 2763 1016 2832; x_wconf 88' lang='lat' dir='ltr'><strong>fecerunt.</strong></span> 
     </span>
     <span class='ocr_line' id='line_1_25' title="bbox 127 2847 1344 2950; baseline 0.003 -22"><span class='ocrx_word' id='word_1_180' title='bbox 127 2847 130 2853; x_wconf 40' lang='lat'>¹</span> <span class='ocrx_word' id='word_1_181' title='bbox 219 2863 309 2928; x_wconf 90' lang='lat' dir='ltr'>XIII.</span> <span class='ocrx_word' id='word_1_182' title='bbox 331 2863 376 2929; x_wconf 91' lang='lat' dir='ltr'><strong>De</strong></span> <span class='ocrx_word' id='word_1_183' title='bbox 389 2863 542 2930; x_wconf 88' lang='lat' dir='ltr'><strong>adulterio</strong></span> <span class='ocrx_word' id='word_1_184' title='bbox 554 2865 696 2949; x_wconf 76' lang='lat' dir='ltr'><strong>Episcopi</strong></span> <span class='ocrx_word' id='word_1_185' title='bbox 705 2866 753 2932; x_wconf 84' lang='lat' dir='ltr'><strong>uel</strong></span> <span class='ocrx_word' id='word_1_186' title='bbox 762 2861 952 2950; x_wconf 79' lang='lat' dir='ltr'><strong>siugulomm</strong></span> <span class='ocrx_word' id='word_1_187' title='bbox 963 2865 1079 2950; x_wconf 85' lang='lat' dir='ltr'><strong>gradus</strong></span> <span class='ocrx_word' id='word_1_188' title='bbox 1090 2864 1344 2932; x_wconf 83' lang='lat' dir='ltr'><strong>ordinatIonibus.</strong></span> 
     </span>
     <span class='ocr_line' id='line_1_26' title="bbox 204 2967 1104 3052; baseline 0.006 -20"><span class='ocrx_word' id='word_1_189' title='bbox 204 2967 311 3045; x_wconf 77' lang='lat' dir='ltr'>xlm.</span> <span class='ocrx_word' id='word_1_190' title='bbox 332 2967 378 3032; x_wconf 90' lang='lat' dir='ltr'><strong>De</strong></span> <span class='ocrx_word' id='word_1_191' title='bbox 398 2967 498 3046; x_wconf 69' lang='lat' dir='ltr'><strong>Iaicia</strong></span> <span class='ocrx_word' id='word_1_192' title='bbox 519 2970 571 3052; x_wconf 85' lang='lat' dir='ltr'><strong>qui</strong></span> <span class='ocrx_word' id='word_1_193' title='bbox 595 2989 702 3035; x_wconf 85' lang='lat' dir='ltr'><strong>uxores</strong></span> <span class='ocrx_word' id='word_1_194' title='bbox 724 2970 842 3036; x_wconf 84' lang='lat' dir='ltr'><strong>habeut</strong></span> <span class='ocrx_word' id='word_1_195' title='bbox 862 2973 893 3036; x_wconf 87' lang='lat' dir='ltr'><strong>et</strong></span> <span class='ocrx_word' id='word_1_196' title='bbox 916 2971 1104 3037; x_wconf 88' lang='lat' dir='ltr'><strong>adulterant.</strong></span> 
     </span>
     <span class='ocr_line' id='line_1_27' title="bbox 243 3061 1344 3159; baseline 0.005 -24"><span class='ocrx_word' id='word_1_197' title='bbox 243 3071 311 3138; x_wconf 97' lang='lat' dir='ltr'><strong>XV.</strong></span> <span class='ocrx_word' id='word_1_198' title='bbox 337 3070 384 3136; x_wconf 91' lang='lat' dir='ltr'><strong>De</strong></span> <span class='ocrx_word' id='word_1_199' title='bbox 403 3071 463 3150; x_wconf 86' lang='lat' dir='ltr'><strong>his,</strong></span> <span class='ocrx_word' id='word_1_200' title='bbox 485 3072 539 3156; x_wconf 87' lang='lat' dir='ltr'><strong>qui</strong></span> <span class='ocrx_word' id='word_1_201' title='bbox 563 3074 634 3157; x_wconf 85' lang='lat' dir='ltr'><strong>post</strong></span> <span class='ocrx_word' id='word_1_202' title='bbox 657 3061 884 3140; x_wconf 80' lang='lat' dir='ltr'><strong>conversionem</strong></span> <span class='ocrx_word' id='word_1_203' title='bbox 907 3074 955 3140; x_wconf 87' lang='lat' dir='ltr'><strong>vel</strong></span> <span class='ocrx_word' id='word_1_204' title='bbox 974 3075 1119 3140; x_wconf 87' lang='lat' dir='ltr'><strong>honorem</strong></span> <span class='ocrx_word' id='word_1_205' title='bbox 1133 3073 1248 3159; x_wconf 82' lang='lat' dir='ltr'><strong>gradus</strong></span> <span class='ocrx_word' id='word_1_206' title='bbox 1271 3093 1344 3157; x_wconf 87' lang='lat' dir='ltr'><strong>peo-</strong></span> 
     </span>
     <span class='ocr_line' id='line_1_28' title="bbox 337 3177 560 3241; baseline 0.004 -1"><span class='ocrx_word' id='word_1_207' title='bbox 337 3177 417 3241; x_wconf 89' lang='lat' dir='ltr'><strong>cant.</strong></span> <span class='ocrx_word' id='word_1_208' title='bbox 557 3177 560 3194; x_wconf 88' lang='lat'>&#39;</span> 
     </span>
    </p>
   </div>
   <div class='ocr_carea' id='block_1_3' title="bbox 39 3278 1348 3986">
    <p class='ocr_par' dir='ltr' id='par_1_7' title="bbox 39 3278 1348 3986">
     <span class='ocr_line' id='line_1_29' title="bbox 226 3278 1244 3366; baseline 0.004 -23"><span class='ocrx_word' id='word_1_209' title='bbox 226 3278 311 3366; x_wconf 87' lang='lat' dir='ltr'>XVI.</span> <span class='ocrx_word' id='word_1_210' title='bbox 335 3278 381 3346; x_wconf 92' lang='lat' dir='ltr'><strong>De</strong></span> <span class='ocrx_word' id='word_1_211' title='bbox 401 3279 603 3345; x_wconf 79' lang='lat' dir='ltr'><strong>fornicatione</strong></span> <span class='ocrx_word' id='word_1_212' title='bbox 625 3298 696 3345; x_wconf 90' lang='lat' dir='ltr'><strong>cum</strong></span> <span class='ocrx_word' id='word_1_213' title='bbox 716 3279 958 3346; x_wconf 85' lang='lat' dir='ltr'><strong>sanctemoniaie</strong></span> <span class='ocrx_word' id='word_1_214' title='bbox 977 3281 1022 3346; x_wconf 86' lang='lat' dir='ltr'><strong>veI</strong></span> <span class='ocrx_word' id='word_1_215' title='bbox 1045 3282 1110 3347; x_wconf 92' lang='lat' dir='ltr'><strong>Deo</strong></span> <span class='ocrx_word' id='word_1_216' title='bbox 1131 3281 1244 3348; x_wconf 87' lang='lat' dir='ltr'><strong>dicata.</strong></span> 
     </span>
     <span class='ocr_line' id='line_1_30' title="bbox 211 3381 1348 3474; baseline 0.003 -26"><span class='ocrx_word' id='word_1_217' title='bbox 211 3381 311 3474; x_wconf 81' lang='lat' dir='ltr'>XVII.</span> <span class='ocrx_word' id='word_1_218' title='bbox 335 3383 381 3448; x_wconf 91' lang='lat' dir='ltr'><strong>De</strong></span> <span class='ocrx_word' id='word_1_219' title='bbox 404 3382 604 3449; x_wconf 81' lang='lat' dir='ltr'><strong>fornicatione</strong></span> <span class='ocrx_word' id='word_1_220' title='bbox 628 3403 699 3449; x_wconf 89' lang='lat' dir='ltr'><strong>curn</strong></span> <span class='ocrx_word' id='word_1_221' title='bbox 723 3382 816 3449; x_wconf 86' lang='lat' dir='ltr'><strong>vidua</strong></span> <span class='ocrx_word' id='word_1_222' title='bbox 845 3384 944 3468; x_wconf 83' lang='lat' dir='ltr'><strong>patrie</strong></span> <span class='ocrx_word' id='word_1_223' title='bbox 966 3385 1015 3450; x_wconf 87' lang='lat' dir='ltr'><strong>vel</strong></span> <span class='ocrx_word' id='word_1_224' title='bbox 1037 3385 1183 3451; x_wconf 88' lang='lat' dir='ltr'><strong>barbauis</strong></span> <span class='ocrx_word' id='word_1_225' title='bbox 1205 3385 1269 3450; x_wconf 85' lang='lat' dir='ltr'><strong>suis</strong></span> <span class='ocrx_word' id='word_1_226' title='bbox 1293 3387 1348 3451; x_wconf 87' lang='lat' dir='ltr'><strong>aut</strong></span> 
     </span>
     <span class='ocr_line' id='line_1_31' title="bbox 336 3479 1346 3574; baseline 0.002 -21"><span class='ocrx_word' id='word_1_227' title='bbox 336 3506 484 3572; x_wconf 83' lang='lat' dir='ltr'><strong>germana</strong></span> <span class='ocrx_word' id='word_1_228' title='bbox 507 3507 563 3553; x_wconf 86' lang='lat' dir='ltr'><strong>sua</strong></span> <span class='ocrx_word' id='word_1_229' title='bbox 586 3490 642 3557; x_wconf 89' lang='lat' dir='ltr'><strong>aut</strong></span> <span class='ocrx_word' id='word_1_230' title='bbox 659 3489 791 3573; x_wconf 87' lang='lat' dir='ltr'><strong>cognata</strong></span> <span class='ocrx_word' id='word_1_231' title='bbox 821 3507 877 3554; x_wconf 82' lang='lat' dir='ltr'><strong>oua</strong></span> <span class='ocrx_word' id='word_1_232' title='bbox 905 3491 961 3555; x_wconf 89' lang='lat' dir='ltr'><strong>aut</strong></span> <span class='ocrx_word' id='word_1_233' title='bbox 991 3491 1088 3574; x_wconf 81' lang='lat' dir='ltr'><strong>patris</strong></span> <span class='ocrx_word' id='word_1_234' title='bbox 1121 3479 1346 3574; x_wconf 82' lang='lat' dir='ltr'><strong>turpitudIncin</strong></span> 
     </span>
     <span class='ocr_line' id='line_1_32' title="bbox 317 3590 1092 3682; baseline 0.005 -28"><span class='ocrx_word' id='word_1_235' title='bbox 317 3590 418 3682; x_wconf 22' lang='lat' dir='ltr'><strong>,filius</strong></span> <span class='ocrx_word' id='word_1_236' title='bbox 438 3610 512 3656; x_wconf 85' lang='lat' dir='ltr'><strong>suus</strong></span> <span class='ocrx_word' id='word_1_237' title='bbox 531 3590 689 3658; x_wconf 83' lang='lat' dir='ltr'><strong>revelavit.</strong></span> <span class='ocrx_word' id='word_1_238' title='bbox 1089 3613 1092 3620; x_wconf 82' lang='grc'><strong>’</strong></span> 
     </span>
     <span class='ocr_line' id='line_1_33' title="bbox 39 3683 918 3786; baseline 0.007 -30"><span class='ocrx_word' id='word_1_239' title='bbox 39 3779 40 3786; x_wconf 11' lang='lat'>¹</span> <span class='ocrx_word' id='word_1_240' title='bbox 192 3692 310 3761; x_wconf 86' lang='lat' dir='ltr'>XVIII.</span> <span class='ocrx_word' id='word_1_241' title='bbox 334 3683 380 3759; x_wconf 80' lang='lat' dir='ltr'><strong>De</strong></span> <span class='ocrx_word' id='word_1_242' title='bbox 402 3694 604 3762; x_wconf 80' lang='lat' dir='ltr'><strong>fornicatione</strong></span> <span class='ocrx_word' id='word_1_243' title='bbox 626 3715 696 3760; x_wconf 86' lang='lat' dir='ltr'><strong>curn</strong></span> <span class='ocrx_word' id='word_1_244' title='bbox 723 3695 918 3762; x_wconf 80' lang='lat' dir='ltr'><strong>animalibua</strong></span> 
     </span>
     <span class='ocr_line' id='line_1_34' title="bbox 39 3795 916 3867; baseline 0.008 -8"><span class='ocrx_word' id='word_1_245' title='bbox 39 3801 41 3852; x_wconf 65' lang='grc' dir='ltr'>ὲ</span> <span class='ocrx_word' id='word_1_246' title='bbox 176 3795 309 3864; x_wconf 91' lang='lat' dir='ltr'>XVIIII.</span> <span class='ocrx_word' id='word_1_247' title='bbox 333 3797 380 3864; x_wconf 91' lang='lat' dir='ltr'><strong>De</strong></span> <span class='ocrx_word' id='word_1_248' title='bbox 400 3799 601 3865; x_wconf 85' lang='lat' dir='ltr'><strong>fornicatione</strong></span> <span class='ocrx_word' id='word_1_249' title='bbox 623 3819 693 3865; x_wconf 89' lang='lat' dir='ltr'><strong>curn</strong></span> <span class='ocrx_word' id='word_1_250' title='bbox 717 3799 830 3864; x_wconf 88' lang='lat' dir='ltr'><strong>ancilia</strong></span> <span class='ocrx_word' id='word_1_251' title='bbox 850 3817 916 3867; x_wconf 88' lang='lat' dir='ltr'><strong>sua.</strong></span> 
     </span>
     <span class='ocr_line' id='line_1_35' title="bbox 39 3883 890 3986; baseline 0.004 -20"><span class='ocrx_word' id='word_1_252' title='bbox 39 3883 40 3894; x_wconf 10' lang='grc' dir='ltr'>ἵ</span> <span class='ocrx_word' id='word_1_253' title='bbox 238 3901 308 3969; x_wconf 87' lang='lat' dir='ltr'><strong>XX.</strong></span> <span class='ocrx_word' id='word_1_254' title='bbox 333 3902 380 3968; x_wconf 92' lang='lat' dir='ltr'><strong>De</strong></span> <span class='ocrx_word' id='word_1_255' title='bbox 404 3903 651 3986; x_wconf 84' lang='lat' dir='ltr'><strong>concupiscentia</strong></span> <span class='ocrx_word' id='word_1_256' title='bbox 670 3904 890 3970; x_wconf 77' lang='lat' dir='ltr'><strong>fornicationis,</strong></span> 
     </span>
    </p>
   </div>
   <div class='ocr_carea' id='block_1_4' title="bbox 180 4005 1345 4716">
    <p class='ocr_par' dir='ltr' id='par_1_8' title="bbox 180 4005 1345 4716">
     <span class='ocr_line' id='line_1_36' title="bbox 224 4005 814 4091; baseline 0.005 -21"><span class='ocrx_word' id='word_1_257' title='bbox 224 4005 309 4073; x_wconf 92' lang='lat' dir='ltr'>XXI.</span> <span class='ocrx_word' id='word_1_258' title='bbox 331 4007 377 4072; x_wconf 91' lang='lat' dir='ltr'><strong>De</strong></span> <span class='ocrx_word' id='word_1_259' title='bbox 397 4007 644 4091; x_wconf 84' lang='lat' dir='ltr'><strong>concupiscentia</strong></span> <span class='ocrx_word' id='word_1_260' title='bbox 667 4006 814 4074; x_wconf 89' lang='lat' dir='ltr'><strong>mulieris.</strong></span> 
     </span>
     <span class='ocr_line' id='line_1_37' title="bbox 206 4109 1345 4195; baseline 0 -21"><span class='ocrx_word' id='word_1_261' title='bbox 206 4109 308 4178; x_wconf 91' lang='lat' dir='ltr'>XXII.</span> <span class='ocrx_word' id='word_1_262' title='bbox 333 4110 379 4176; x_wconf 89' lang='lat' dir='ltr'><strong>De</strong></span> <span class='ocrx_word' id='word_1_263' title='bbox 400 4111 661 4195; x_wconf 84' lang='lat' dir='ltr'><strong>mulieribusque</strong></span> <span class='ocrx_word' id='word_1_264' title='bbox 682 4111 871 4176; x_wconf 86' lang='lat' dir='ltr'><strong>fornicantur</strong></span> <span class='ocrx_word' id='word_1_265' title='bbox 894 4112 926 4176; x_wconf 88' lang='lat' dir='ltr'><strong>et</strong></span> <span class='ocrx_word' id='word_1_266' title='bbox 946 4110 1092 4176; x_wconf 88' lang='lat' dir='ltr'><strong>occidunt</strong></span> <span class='ocrx_word' id='word_1_267' title='bbox 1115 4113 1171 4176; x_wconf 92' lang='lat' dir='ltr'><strong>aut</strong></span> <span class='ocrx_word' id='word_1_268' title='bbox 1200 4112 1345 4177; x_wconf 85' lang='lat' dir='ltr'><strong>aborsum</strong></span> 
     </span>
     <span class='ocr_line' id='line_1_38' title="bbox 235 4215 1143 4282; baseline -0.012 -1"><span class='ocrx_word' id='word_1_269' title='bbox 235 4259 238 4262; x_wconf 95' lang='lat'>-</span> <span class='ocrx_word' id='word_1_270' title='bbox 335 4215 436 4282; x_wconf 87' lang='lat' dir='ltr'><strong>faeere</strong></span> <span class='ocrx_word' id='word_1_271' title='bbox 458 4215 617 4282; x_wconf 84' lang='lat' dir='ltr'><strong>festinant.</strong></span> <span class='ocrx_word' id='word_1_272' title='bbox 1141 4265 1143 4270; x_wconf 89' lang='lat'>.</span> 
     </span>
     <span class='ocr_line' id='line_1_39' title="bbox 193 4317 1324 4400; baseline 0.004 -20"><span class='ocrx_word' id='word_1_273' title='bbox 193 4317 309 4384; x_wconf 90' lang='lat' dir='ltr'><strong>XXIII.</strong></span> <span class='ocrx_word' id='word_1_274' title='bbox 335 4317 382 4384; x_wconf 92' lang='lat' dir='ltr'><strong>De</strong></span> <span class='ocrx_word' id='word_1_275' title='bbox 405 4318 586 4384; x_wconf 80' lang='lat' dir='ltr'><strong>nruIieribus</strong></span> <span class='ocrx_word' id='word_1_276' title='bbox 610 4337 680 4383; x_wconf 88' lang='lat' dir='ltr'><strong>oum</strong></span> <span class='ocrx_word' id='word_1_277' title='bbox 704 4337 736 4382; x_wconf 89' lang='lat' dir='ltr'><strong>se</strong></span> <span class='ocrx_word' id='word_1_278' title='bbox 757 4317 824 4400; x_wconf 85' lang='lat' dir='ltr'><strong>ipsa</strong></span> <span class='ocrx_word' id='word_1_279' title='bbox 847 4317 1065 4383; x_wconf 85' lang='lat' dir='ltr'><strong>fornicaverint</strong></span> <span class='ocrx_word' id='word_1_280' title='bbox 1089 4318 1136 4383; x_wconf 88' lang='lat' dir='ltr'><strong>vel</strong></span> <span class='ocrx_word' id='word_1_281' title='bbox 1157 4339 1229 4384; x_wconf 90' lang='lat' dir='ltr'><strong>cum</strong></span> <span class='ocrx_word' id='word_1_282' title='bbox 1252 4318 1324 4384; x_wconf 86' lang='lat' dir='ltr'><strong>alia.</strong></span> 
     </span>
     <span class='ocr_line' id='line_1_40' title="bbox 180 4420 1002 4505; baseline 0.004 -21"><span class='ocrx_word' id='word_1_283' title='bbox 180 4420 311 4487; x_wconf 88' lang='lat' dir='ltr'>XXIIII.</span> <span class='ocrx_word' id='word_1_284' title='bbox 335 4421 459 4501; x_wconf 83' lang='lat' dir='ltr'><strong>Dahis,</strong></span> <span class='ocrx_word' id='word_1_285' title='bbox 483 4422 629 4505; x_wconf 87' lang='lat' dir='ltr'><strong>quicum</strong></span> <span class='ocrx_word' id='word_1_286' title='bbox 653 4421 817 4504; x_wconf 84' lang='lat' dir='ltr'><strong>semetipso</strong></span> <span class='ocrx_word' id='word_1_287' title='bbox 840 4421 1002 4487; x_wconf 66' lang='lat' dir='ltr'><strong>fornicant.⁸</strong></span> 
     </span>
     <span class='ocr_line' id='line_1_41' title="bbox 211 4517 1127 4610; baseline 0 -21"><span class='ocrx_word' id='word_1_288' title='bbox 211 4525 310 4592; x_wconf 91' lang='lat' dir='ltr'>XXV.</span> <span class='ocrx_word' id='word_1_289' title='bbox 334 4517 382 4590; x_wconf 88' lang='lat' dir='ltr'><strong>De‘</strong></span> <span class='ocrx_word' id='word_1_290' title='bbox 403 4526 490 4610; x_wconf 88' lang='lat' dir='ltr'><strong>pueri</strong></span> <span class='ocrx_word' id='word_1_291' title='bbox 512 4545 544 4591; x_wconf 87' lang='lat' dir='ltr'><strong>ec</strong></span> <span class='ocrx_word' id='word_1_292' title='bbox 567 4524 697 4590; x_wconf 86' lang='lat' dir='ltr'><strong>inuicem</strong></span> <span class='ocrx_word' id='word_1_293' title='bbox 718 4525 859 4590; x_wconf 85' lang='lat' dir='ltr'><strong>munibus</strong></span> <span class='ocrx_word' id='word_1_294' title='bbox 880 4525 1127 4608; x_wconf 87' lang='lat' dir='ltr'><strong>coinquInantes.</strong></span> 
     </span>
     <span class='ocr_line' id='line_1_42' title="bbox 196 4626 1183 4716; baseline 0.001 -22"><span class='ocrx_word' id='word_1_295' title='bbox 196 4627 311 4696; x_wconf 91' lang='lat' dir='ltr'>XXVI.</span> <span class='ocrx_word' id='word_1_296' title='bbox 334 4630 379 4698; x_wconf 90' lang='lat' dir='ltr'><strong>De</strong></span> <span class='ocrx_word' id='word_1_297' title='bbox 403 4630 461 4710; x_wconf 84' lang='lat' dir='ltr'><strong>hia,</strong></span> <span class='ocrx_word' id='word_1_298' title='bbox 484 4629 537 4716; x_wconf 91' lang='lat' dir='ltr'><strong>qui</strong></span> <span class='ocrx_word' id='word_1_299' title='bbox 559 4629 652 4696; x_wconf 82' lang='lat' dir='ltr'><strong>labiis</strong></span> <span class='ocrx_word' id='word_1_300' title='bbox 675 4630 859 4696; x_wconf 80' lang='lat' dir='ltr'><strong>mechantur</strong></span> <span class='ocrx_word' id='word_1_301' title='bbox 876 4631 932 4696; x_wconf 85' lang='lat' dir='ltr'><strong>aut</strong></span> <span class='ocrx_word' id='word_1_302' title='bbox 953 4628 984 4696; x_wconf 91' lang='lat' dir='ltr'><strong>in</strong></span> <span class='ocrx_word' id='word_1_303' title='bbox 1006 4626 1183 4696; x_wconf 73' lang='lat' dir='ltr'><strong>femoribus·</strong></span> 
     </span>
    </p>
   </div>
   <div class='ocr_carea' id='block_1_5' title="bbox 0 0 1580 4978">
    <p class='ocr_par' dir='ltr' id='par_1_9' title="bbox 0 0 1580 4978">
     <span class='ocr_line' id='line_1_43' title="bbox 0 0 1580 4978; baseline 0 7"><span class='ocrx_word' id='word_1_304' title='bbox 0 0 1580 4978; x_wconf 95' lang='lat' dir='ltr'><strong> </strong></span> 
     </span>
    </p>
   </div>
  </div>
 </body>
</html>
