3178 4962
1146 66 1149 81 r
1299 62 1305 73 ⁸
1433 76 1440 87 r

1328 103 1333 113 Ι
1368 104 1435 133 ,1-1

224 248 288 313 242
349 265 519 337 Symerclrg.
561 268 744 332 Necessitas,
771 272 807 322 ut
823 269 927 340 gregis
946 268 1222 358 liuguamcallcat
1234 275 1357 340 postor.

224 458 332 524 eopum
358 439 887 524 Quinqueecclesiensem,simulque
910 440 1057 506 ecclesiae
1075 439 1297 526 strigoniensis
1308 439 1471 527 Suffraga-

223 561 324 622 neum,
349 545 380 607 et
400 542 588 608 intellexerit
611 545 762 624 Pouliter,
786 547 927 609 neutram
951 545 1190 628 postulationem
1214 565 1278 610 esse
1294 547 1471 630 approban-

223 647 303 713 dam.
349 647 385 710 ln
408 645 567 724 decretali,
591 627 682 730 quam
704 648 834 730 desuper
858 647 997 738 ediderat
1020 647 1123 714 dictus
1144 649 1341 714 Innocentius
1355 647 1421 715 ΙΙΙ.Ι
1438 652 1472 715 et

222 769 302 832 quae
324 752 426 815 exstat
447 750 479 815 in
498 737 630 832 'Corpore
645 751 731 817 luris
755 751 903 830 canonici,
928 753 961 816 et
980 751 1107 835 quidem
1130 771 1195 836 cap.
1217 752 1246 818 4.
1267 753 1305 818 de
1327 755 1471 836 postula·

222 854 305 918 tiorm
326 854 533 937 praelatorum
560 854 599 920 X.
636 854 675 939 (I.
698 856 765 939 5.),
794 855 840 921 ita
871 855 1008 940 loquitur
1030 853 1186 921 Pontifex:
1235 845 1471 928 ›Intellenimus

222 957 355 1044 (itaque)
377 958 458 1041 quod
478 957 541 1052 etsi
563 961 646 1024 osset
664 961 775 1024 neutra
798 959 967 1042 postulatio
987 959 1193 1043 adprobanda,
1213 961 1304 1043 juxta
1325 963 1470 1028 tenorem

89 1133 91 1140 ,
221 1065 325 1144 tamm
347 1063 524 1147 posterioris
547 1063 699 1147 rescripti,
723 1064 761 1128 ad
785 1083 839 1129 nos
861 1063 898 1129 de
921 1065 1042 1130 caetero
1065 1062 1286 1148 Strigoniensis
1317 1066 1471 1132 eeclesiae

220 1165 353 1248 provisio
374 1164 552 1251 pertineret
599 1169 683 1250 Quia
704 1189 775 1234 uero
796 1189 860 1234 aon
877 1167 1008 1250 plenum
1029 1169 1067 1234 de
1086 1170 1234 1251 pascuis
1262 1169 1351 1236 illius
1373 1171 1470 1254 repat

219 1271 364 1336 aonidum
386 1270 583 1350 habebamus,
606 1272 734 1354 ideoque
757 1293 819 1338 aaa
837 1279 1022 1353 oderamus
1043 1273 1134 1338 sulcu
1155 1273 1343 1340 couscientia
1365 1275 1472 1340 cidere

221 1374 367 1440 roderice
388 1375 424 1440 ta
436 1371 514 1450 ‚olio
522 1395 670 1457 pascua
694 1395 775 1458 quoe
795 1377 940 1459 dascym
954 1375 1144 1460 Huaporv'ue
1166 1377 1472 1460 ompioemdaccret,

220 1497 355 1561 emmae
373 1480 549 1562 prouidere,
572 1500 628 1548 aaa
651 1481 798 1548 vellemus
819 1481 851 1546 ei
866 1478 1042 1563 perficere
1072 1481 1221 1562 dmum,
1245 1483 1387 1565 quamvis
1410 1483 1469 1548 ho-

101 1623 103 1627 ·
220 1583 338 1648 uestins
360 1584 533 1666 videretur,
564 1585 591 1650 ei
620 1585 833 1671 suffraganeus
867 1585 909 1650 ad
937 1584 1135 1669 metropolim
1171 1604 1259 1650 snam
1294 1585 1471 1664 accederet,

95 1737 97 1742 .
134 1755 142 1764 ,
218 1706 310 1770 quam
341 1688 600 1772 Arcbiepiscopus
628 1689 669 1754 ad
698 1687 893 1772 metropolim
926 1689 1167 1766 transferretur,
1204 1690 1325 1772 partem
1359 1691 1472 1755 tamen

218 1790 362 1874 eligimus
384 1792 544 1876 potiorem.
590 1793 631 1858 nt
665 1793 796 1859 eundem
826 1792 1121 1876 Arebiepisoopnm,
1154 1792 1185 1856 in
1220 1811 1310 1892 quem
1347 1813 1470 1874 omnes,

217 1913 349 1977 quorum
372 1915 539 1962 consensus
557 1896 594 1962 'iu
624 1896 773 1962 electione
801 1897 850 1962 vel
880 1896 1085 1980 postulatione
1118 1896 1251 1978 pastoris
1285 1895 1469 1978 requiritur,

219 1999 295 2065 licet
315 1999 445 2066 diversis
467 1999 657 2084 temporibus
678 2002 893 2078 convenerant,
915 2019 934 2066 a
955 2000 1088 2078 vinculo,
1110 2018 1172 2082 quo
1192 1999 1357 2065 tenebatur
1374 1999 1468 2068 Colo·

108 2112 111 2117 ’
219 2089 313 2171 riensi
327 2105 484 2172 Ecclesiae
499 2107 704 2187 absolventes,
718 2107 757 2172 ad
771 2105 966 2190 metropolim
982 2104 1225 2190 strigoniensem
1237 2105 1468 2186 transferimus,

218 2210 250 2274 et
271 2210 299 2275 ei
318 2209 479 2276 licentiam
499 2211 668 2277 tribuimus
690 2210 889 2278 transeundi:
912 2210 1041 2295 pallium
1063 2209 1153 2276 eiad
1175 2228 1286 2275 nomeu
1309 2211 1343 2275 et
1369 2229 1466 2276 usum

217 2314 358 2398 ejusdem
380 2315 537 2381 Ecclesiae
561 2315 805 2382 transmissuri<
1134 2313 1141 2327 ‘

320 2419 422 2502 Quum
439 2439 511 2487 vero
534 2421 635 2485 medio
658 2419 883 2486 aevononnulli
905 2395 1072 2486 Pontilices
1093 2418 1224 2485 Romam
1255 2418 1464 2502 plurimorum

187 2504 189 2507 ’
216 2524 434 2590 beneficiorum
454 2524 650 2591 collationem
681 2525 740 2590 sibi
771 2526 1000 2603 reservassent,
1030 2543 1127 2606 eaque
1158 2523 1274 2608 passim
1308 2524 1466 2589 extraneis

216 2630 308 2712 atque
329 2629 394 2713 jam
407 2629 475 2696 ideo
490 2629 593 2694 minus
615 2629 773 2695 habilibus
785 2629 860 2694 viris
882 2627 1101 2694 ecclesiasticis
1121 2627 1332 2706 contulissent,
1353 2647 1466 2712 aeger·

215 2733 293 2798 nme
313 2733 346 2798 id
357 2733 499 2798 tulerunt
511 2733 651 2798 nationes
667 2751 839 2818 magnoque
850 2733 915 2798 zelo
928 2733 1110 2797 aestuarunt
1121 2732 1277 2797 Ecclesiae
1297 2733 1330 2796 et
1351 2733 1466 2816 Regna
1570 2741 1571 2754 ¹

216 2836 255 2901 ad
267 2837 315 2902 sui
325 2855 465 2921 quaeque
475 2833 555 2921 juris
567 2836 782 2903 defensionem.
805 2835 857 2902 Sic
877 2835 960 2902 inter
972 2836 1164 2920 gravamina,
1180 2854 1261 2918 quae
1282 2836 1369 2902 natio
1383 2853 1465 2920 ger·

215 2941 337 3007 manica
361 2940 507 3007 adversus
530 2940 641 3008 Sedem
665 2941 878 3024 Apostolioam
899 2939 1040 3023 protulit,
1063 2939 1158 3005 etiam
1188 2956 1318 3022 sequens
1335 2957 1465 3026 xgrusa-

215 3063 287 3110 men
309 3045 379 3112 VII.
401 3045 527 3128 legitur.
575 3045 804 3110 ›Ecclesiarum
817 3044 969 3130 regimina
986 3044 1089 3110 miuus
1111 3043 1216 3128 dignis
1238 3044 1368 3124 (Romae
1390 3043 1464 3108 vide

214 3148 303 3235 licat)
323 3149 572 3230 committuntur,
597 3149 650 3233 qui
674 3149 713 3214 ud
735 3149 967 3247 mulos-magis,
991 3168 1083 3232 quam
1119 3148 1260 3213 homines
1289 3145 1463 3231 pascendos
1569 3203 1570 3244 ,

215 3254 249 3317 et
268 3251 420 3340 regendos
445 3253 548 3353 assent
569 3253 734 3337 iuononi«
781 3252 866 3319 Galli
881 3253 951 3318 sibi·
965 3252 1186 3319 consuluerunt
1207 3269 1262 3336 per
1276 3251 1320 3316 sic
1343 3250 1464 3317 dicmm
1569 3301 1570 3344 3

215 3354 414 3422 Sanctionem
436 3359 661 3443 pragmaticum
682 3378 731 3425 an.
754 3359 838 3450 1438
862 3359 894 3424 ot
917 3360 1000 3424 certo
1023 3355 1117 3422 nulbs
1135 3357 1239 3440 potest
1269 3355 1461 3438 exceptioni·
1569 3349 1570 3402 l

215 3460 273 3525 bus
297 3462 419 3527 concuti
451 3465 507 3529 aul·
528 3463 711 3529 labefactari
743 3463 897 3549 generalis
919 3462 976 3527 illa
1002 3462 1052 3528 lex
1074 3464 1106 3527 ot
1135 3461 1266 3546 regula,
1298 3461 1462 3526 extraneos

216 3563 254 3628 ab
278 3563 484 3648 adipiscendis
501 3567 659 3633 beneficiis
681 3585 747 3634 esse
767 3567 922 3648 arcendos,
945 3565 985 3632 iis
1004 3565 1107 3631 innixa
1126 3565 1298 3631 rationibus
1312 3563 1461 3650 gravissi·

217 3667 288 3746 mis,
301 3685 379 3751 quae
398 3669 430 3734 in
449 3671 638 3754 praefatione
650 3669 1048 3758 PragmaticaeSauctionis
1068 3669 1224 3754 conjectae
1246 3670 1327 3736 sunt.
1372 3665 1460 3733 Haec

216 3771 297 3835 euim
313 3771 428 3838 ibidem
451 3771 615 3858 leguntur:
665 3775 891 3841 ›Ecclesiarum
914 3775 1038 3859 peculia
1052 3792 1163 3839 manus
1185 3774 1335 3857 occupant
1354 3771 1460 3856 iudig-

216 3892 340 3954 norum,
375 3877 408 3942 et
440 3896 670 3962 nonnumquam
703 3885 902 3958 maurum,
937 3881 969 3945 et
998 3879 1179 3962 plerumque
1220 3875 1394 3962 dignitates
1426 3877 1459 3942 et

217 3977 411 4061 opulentiora
430 3979 589 4046 fflueficia
610 3982 747 4064 personis
770 3983 970 4048 conferuntur
988 3981 1157 4066 incognitis
1180 3981 1212 4046 et
1233 3999 1294 4046 non
1308 3981 1456 4064 probatis,

213 4100 292 4164 quae
303 4082 336 4148 in
348 4081 463 4148 eisdem
479 4083 641 4150 Beneficiis
652 4104 711 4151 non
724 4086 878 4164 ‘resident
901 4086 1005 4168 sicque
1023 4083 1128 4149 vultus
1141 4084 1200 4149 sibi
1215 4084 1370 4150 commissi
1387 4102 1458 4168 gre·

108 4239 111 4244 .
212 4185 262 4270 gis
285 4205 345 4252 nou
370 4189 563 4270 agnoscunt,
596 4189 737 4274 dapason
770 4189 942 4271 aliquando
976 4209 1039 4253 coa
1069 4187 1268 4271 intedigatur,
1301 4188 1360 4254 etc.
1406 4185 1456 4252 Sic

109 4315 111 4322 ,
213 4290 387 4355 animarum
408 4308 482 4356 cura
502 4292 684 4376 negligitur,
706 4293 903 4360 subtrahitur
925 4291 1139 4376 hospitalitas,
1162 4289 1373 4358 Ecclesiarnm
1384 4292 1456 4391 jura

212 4392 402 4477 depereunt,
424 4396 520 4460 ruunt
540 4395 701 4476 aedilicia,
736 4397 848 4484 Clerici
871 4398 1044 4475 nostrorum
1068 4396 1171 4482 Regni
1197 4398 1230 4462 et
1249 4396 1455 4480 Delphinatus

315 4616 344 4681 l)
362 4617 476 4672 Freheri
494 4618 622 4689 Scriptor.
640 4635 692 4674 ror.
711 4636 832 4689 german.
851 4620 1008 4694 ed.·Strnre
1024 4623 1091 4676 tom.
1109 4620 1146 4676 11.
1164 4639 1190 4692 p.
1207 4585 1266 4680 aad.
