<?xml version="1.0" encoding="UTF-8"?>
<!DOCTYPE html PUBLIC "-//W3C//DTD XHTML 1.0 Transitional//EN"
    "http://www.w3.org/TR/xhtml1/DTD/xhtml1-transitional.dtd">
<html xmlns="http://www.w3.org/1999/xhtml" xml:lang="en" lang="en">
 <head>
  <title>
</title>
<meta http-equiv="Content-Type" content="text/html;charset=utf-8" />
  <meta name='ocr-system' content='tesseract 3.04.00' />
  <meta name='ocr-capabilities' content='ocr_page ocr_carea ocr_par ocr_line ocrx_word'/>
</head>
<body>
  <div class='ocr_page' id='page_1' title='image "./archivfrkatholi13unkngoog_0461.png"; bbox 0 0 3114 4966; ppageno 0'>
   <div class='ocr_carea' id='block_1_1' title="bbox 171 278 1277 372">
    <p class='ocr_par' dir='ltr' id='par_1_1' title="bbox 171 278 1277 372">
     <span class='ocr_line' id='line_1_1' title="bbox 171 278 1277 372; baseline 0.003 -21"><span class='ocrx_word' id='word_1_1' title='bbox 171 278 245 352; x_wconf 33' lang='lat'>‘4³56</span> <span class='ocrx_word' id='word_1_2' title='bbox 337 295 492 359; x_wconf 72' lang='lat' dir='ltr'><strong>Bere-teob.</strong></span> <span class='ocrx_word' id='word_1_3' title='bbox 529 303 679 370; x_wconf 67' lang='lat' dir='ltr'><strong>Pataliam</strong></span> <span class='ocrx_word' id='word_1_4' title='bbox 697 305 750 358; x_wconf 81' lang='lat' dir='ltr'><strong>des</strong></span> <span class='ocrx_word' id='word_1_5' title='bbox 769 301 915 371; x_wconf 76' lang='lat' dir='ltr'><strong>an&#39;rrera</strong></span> <span class='ocrx_word' id='word_1_6' title='bbox 935 297 997 357; x_wconf 65' lang='lat' dir='ltr'><strong>bea}</strong></span> <span class='ocrx_word' id='word_1_7' title='bbox 1016 299 1072 356; x_wconf 80' lang='lat' dir='ltr'><strong>der</strong></span> <span class='ocrx_word' id='word_1_8' title='bbox 1091 301 1277 372; x_wconf 73' lang='lat' dir='ltr'><strong>Slislunpeu.</strong></span> 
     </span>
    </p>
   </div>
   <div class='ocr_carea' id='block_1_2' title="bbox 182 443 1420 663">
    <p class='ocr_par' dir='ltr' id='par_1_2' title="bbox 182 443 1420 663">
     <span class='ocr_line' id='line_1_2' title="bbox 182 443 1420 560; baseline -0.002 -20"><span class='ocrx_word' id='word_1_9' title='bbox 182 495 258 560; x_wconf 84' lang='lat' dir='ltr'><strong>rogo</strong></span> <span class='ocrx_word' id='word_1_10' title='bbox 277 474 472 553; x_wconf 88' lang='lat' dir='ltr'><strong>solutionem,</strong></span> <span class='ocrx_word' id='word_1_11' title='bbox 495 474 534 539; x_wconf 93' lang='lat' dir='ltr'><strong>ad</strong></span> <span class='ocrx_word' id='word_1_12' title='bbox 552 472 604 540; x_wconf 84' lang='lat' dir='ltr'><strong>SS.</strong></span> <span class='ocrx_word' id='word_1_13' title='bbox 635 473 727 556; x_wconf 89' lang='lat' dir='ltr'><strong>pedes</strong></span> <span class='ocrx_word' id='word_1_14' title='bbox 746 443 925 557; x_wconf 86' lang='lat' dir='ltr'><strong>provolutus</strong></span> <span class='ocrx_word' id='word_1_15' title='bbox 959 473 990 536; x_wconf 87' lang='lat' dir='ltr'><strong>et</strong></span> <span class='ocrx_word' id='word_1_16' title='bbox 1016 471 1261 537; x_wconf 74' lang='lat' dir='ltr'>benedictionem</span> <span class='ocrx_word' id='word_1_17' title='bbox 1292 471 1420 554; x_wconf 82' lang='lat' dir='ltr'><strong>Aposto-</strong></span> 
     </span>
     <span class='ocr_line' id='line_1_3' title="bbox 183 575 1391 663; baseline -0.004 -19"><span class='ocrx_word' id='word_1_18' title='bbox 183 580 277 644; x_wconf 86' lang='lat' dir='ltr'><strong>licam</strong></span> <span class='ocrx_word' id='word_1_19' title='bbox 297 579 443 663; x_wconf 82' lang='lat' dir='ltr'><strong>flagitans</strong></span> <span class='ocrx_word' id='word_1_20' title='bbox 466 595 536 644; x_wconf 89' lang='lat' dir='ltr'><strong>cum</strong></span> <span class='ocrx_word' id='word_1_21' title='bbox 556 577 813 662; x_wconf 78' lang='lat' dir='ltr'><strong>profundissimae</strong></span> <span class='ocrx_word' id='word_1_22' title='bbox 831 575 1039 642; x_wconf 88' lang='lat' dir='ltr'><strong>venerationis</strong></span> <span class='ocrx_word' id='word_1_23' title='bbox 1061 575 1203 642; x_wconf 80' lang='lat' dir='ltr'>sensibus</span> <span class='ocrx_word' id='word_1_24' title='bbox 1224 593 1391 658; x_wconf 87' lang='lat' dir='ltr'><strong>permaneo</strong></span> 
     </span>
    </p>
   </div>
   <div class='ocr_carea' id='block_1_3' title="bbox 359 677 1232 785">
    <p class='ocr_par' dir='ltr' id='par_1_3' title="bbox 359 677 1232 785">
     <span class='ocr_line' id='line_1_4' title="bbox 359 677 1232 785; baseline -0.006 -19"><span class='ocrx_word' id='word_1_25' title='bbox 359 700 505 785; x_wconf 81' lang='lat' dir='ltr'><strong>Ejusdem</strong></span> <span class='ocrx_word' id='word_1_26' title='bbox 527 697 712 765; x_wconf 71' lang='lat' dir='ltr'><strong>sanctitatis</strong></span> <span class='ocrx_word' id='word_1_27' title='bbox 735 701 819 765; x_wconf 84' lang='lat' dir='ltr'>Tuae</span> <span class='ocrx_word' id='word_1_28' title='bbox 841 677 1126 783; x_wconf 88' lang='lat' dir='ltr'><strong>obsequiosissimus</strong></span> <span class='ocrx_word' id='word_1_29' title='bbox 1149 697 1232 762; x_wconf 89' lang='lat' dir='ltr'><strong>filius</strong></span> 
     </span>
    </p>
   </div>
   <div class='ocr_carea' id='block_1_4' title="bbox 288 819 1146 1024">
    <p class='ocr_par' dir='ltr' id='par_1_4' title="bbox 288 819 1146 1024">
     <span class='ocr_line' id='line_1_5' title="bbox 374 819 1146 922; baseline -0.003 -34"><span class='ocrx_word' id='word_1_30' title='bbox 374 901 377 908; x_wconf 90' lang='lat'><em>.</em></span> <span class='ocrx_word' id='word_1_31' title='bbox 467 821 643 909; x_wconf 72' lang='lat' dir='ltr'><strong>&#39;yPordoa</strong></span> <span class='ocrx_word' id='word_1_32' title='bbox 668 821 923 922; x_wconf 79' lang='lat' dir='ltr'><strong>Archiepisoopus</strong></span> <span class='ocrx_word' id='word_1_33' title='bbox 948 819 1146 887; x_wconf 73' lang='lat' dir='ltr'><strong>coloniensis.</strong></span> 
     </span>
     <span class='ocr_line' id='line_1_6' title="bbox 288 943 881 1024; baseline -0.01 -12"><span class='ocrx_word' id='word_1_34' title='bbox 288 943 446 1024; x_wconf 73' lang='lat' dir='ltr'><em>Coloniae,</em></span> <span class='ocrx_word' id='word_1_35' title='bbox 471 943 521 1010; x_wconf 89' lang='lat' dir='ltr'><strong>die</strong></span> <span class='ocrx_word' id='word_1_36' title='bbox 545 945 595 1008; x_wconf 85' lang='lat'><strong>29.</strong></span> <span class='ocrx_word' id='word_1_37' title='bbox 619 943 762 1010; x_wconf 80' lang='lat' dir='ltr'><strong>Octobris</strong></span> <span class='ocrx_word' id='word_1_38' title='bbox 788 943 881 1008; x_wconf 86' lang='grc'><strong>1873.</strong></span> 
     </span>
    </p>
   </div>
   <div class='ocr_carea' id='block_1_5' title="bbox 289 1075 1543 1167">
    <p class='ocr_par' dir='ltr' id='par_1_5' title="bbox 289 1075 1543 1167">
     <span class='ocr_line' id='line_1_7' title="bbox 289 1075 1543 1167; baseline -0.006 -19"><span class='ocrx_word' id='word_1_39' title='bbox 289 1083 319 1149; x_wconf 84' lang='lat' dir='ltr'><strong>S.</strong></span> <span class='ocrx_word' id='word_1_40' title='bbox 343 1082 550 1167; x_wconf 75' lang='lat' dir='ltr'><strong>congregatio</strong></span> <span class='ocrx_word' id='word_1_41' title='bbox 579 1075 899 1148; x_wconf 70' lang='lat' dir='ltr'><strong>Eminentissimorum</strong></span> <span class='ocrx_word' id='word_1_42' title='bbox 932 1079 1142 1147; x_wconf 78' lang='lat' dir='ltr'><strong>Cardinalium</strong></span> <span class='ocrx_word' id='word_1_43' title='bbox 1174 1077 1426 1146; x_wconf 85' lang='lat' dir='ltr'><strong>Tridentinorum</strong></span> <span class='ocrx_word' id='word_1_44' title='bbox 1542 1109 1543 1114; x_wconf 14' lang='grc' dir='ltr'><strong>κ</strong></span> 
     </span>
    </p>
   </div>
   <div class='ocr_carea' id='block_1_6' title="bbox 185 1180 1427 1271">
    <p class='ocr_par' dir='ltr' id='par_1_6' title="bbox 185 1180 1427 1271">
     <span class='ocr_line' id='line_1_8' title="bbox 185 1180 1427 1271; baseline -0.006 -19"><span class='ocrx_word' id='word_1_45' title='bbox 185 1188 376 1254; x_wconf 89' lang='lat' dir='ltr'><strong>decretorum</strong></span> <span class='ocrx_word' id='word_1_46' title='bbox 401 1180 611 1271; x_wconf 68' lang='lat' dir='ltr'><strong>interpretum</strong></span> <span class='ocrx_word' id='word_1_47' title='bbox 628 1186 678 1251; x_wconf 91' lang='lat' dir='ltr'><strong>die</strong></span> <span class='ocrx_word' id='word_1_48' title='bbox 698 1187 749 1252; x_wconf 82' lang='lat'><strong>25.</strong></span> <span class='ocrx_word' id='word_1_49' title='bbox 773 1185 852 1252; x_wconf 85' lang='lat' dir='ltr'><strong>Julii</strong></span> <span class='ocrx_word' id='word_1_50' title='bbox 875 1185 968 1270; x_wconf 90' lang='lat' dir='ltr'><strong>hujus</strong></span> <span class='ocrx_word' id='word_1_51' title='bbox 998 1185 1067 1250; x_wconf 90' lang='lat' dir='ltr'><strong>anni</strong></span> <span class='ocrx_word' id='word_1_52' title='bbox 1092 1184 1183 1248; x_wconf 90' lang='lat' dir='ltr'><strong>hasce</strong></span> <span class='ocrx_word' id='word_1_53' title='bbox 1213 1181 1312 1247; x_wconf 87' lang='lat' dir='ltr'><strong>edidit</strong></span> <span class='ocrx_word' id='word_1_54' title='bbox 1341 1201 1427 1246; x_wconf 89' lang='lat' dir='ltr'><strong>reso-</strong></span> 
     </span>
    </p>
   </div>
   <div class='ocr_carea' id='block_1_7' title="bbox 121 1294 1427 1478">
    <p class='ocr_par' dir='ltr' id='par_1_7' title="bbox 121 1294 1427 1500">
     <span class='ocr_line' id='line_1_9' title="bbox 121 1294 1427 1478; baseline 0.031 -59"><span class='ocrx_word' id='word_1_55' title='bbox 121 1344 126 1359; x_wconf 84' lang='grc'><strong>’</strong></span> <span class='ocrx_word' id='word_1_56' title='bbox 180 1294 333 1462; x_wconf 49' lang='lat' dir='ltr'><strong>lutroneAsd</strong></span> <span class='ocrx_word' id='word_1_57' title='bbox 357 1396 383 1460; x_wconf 68' lang='lat'><strong>1⁸</strong></span> <span class='ocrx_word' id='word_1_58' title='bbox 429 1395 589 1478; x_wconf 79' lang='lat' dir='ltr'><strong>Integram</strong></span> <span class='ocrx_word' id='word_1_59' title='bbox 613 1394 837 1478; x_wconf 91' lang='lat' dir='ltr'><strong>eleemosynam</strong></span> <span class='ocrx_word' id='word_1_60' title='bbox 867 1413 885 1458; x_wconf 90' lang='lat' dir='ltr'><strong>a</strong></span> <span class='ocrx_word' id='word_1_61' title='bbox 914 1393 1046 1477; x_wconf 82' lang='lat' dir='ltr'>parocho</span> <span class='ocrx_word' id='word_1_62' title='bbox 1074 1392 1251 1460; x_wconf 86' lang='lat' dir='ltr'><strong>solvendam</strong></span> <span class='ocrx_word' id='word_1_63' title='bbox 1279 1384 1346 1457; x_wconf 82' lang='lat' dir='ltr'><strong>esse</strong></span> <span class='ocrx_word' id='word_1_64' title='bbox 1370 1412 1427 1476; x_wconf 89' lang='lat' dir='ltr'><strong>pro</strong></span> 
     </span>
    </p>
   </div>
   <div class='ocr_carea' id='block_1_8' title="bbox 181 1499 747 1580">
    <p class='ocr_par' dir='ltr' id='par_1_8' title="bbox 181 1499 747 1580">
     <span class='ocr_line' id='line_1_10' title="bbox 181 1499 747 1580; baseline -0.005 -13"><span class='ocrx_word' id='word_1_65' title='bbox 181 1501 285 1567; x_wconf 87' lang='lat' dir='ltr'><strong>missis</strong></span> <span class='ocrx_word' id='word_1_66' title='bbox 307 1501 371 1567; x_wconf 89' lang='lat' dir='ltr'><strong>sive</strong></span> <span class='ocrx_word' id='word_1_67' title='bbox 393 1499 493 1580; x_wconf 87' lang='lat' dir='ltr'><strong>lectis,</strong></span> <span class='ocrx_word' id='word_1_68' title='bbox 517 1499 581 1564; x_wconf 82' lang='lat' dir='ltr'><strong>rive</strong></span> <span class='ocrx_word' id='word_1_69' title='bbox 604 1499 747 1566; x_wconf 79' lang='lat' dir='ltr'><strong>cantatus.</strong></span> 
     </span>
    </p>
   </div>
   <div class='ocr_carea' id='block_1_9' title="bbox 286 1601 1426 1687">
    <p class='ocr_par' dir='ltr' id='par_1_9' title="bbox 286 1561 1544 1687">
     <span class='ocr_line' id='line_1_11' title="bbox 286 1601 1426 1687; baseline -0.005 -17"><span class='ocrx_word' id='word_1_70' title='bbox 286 1605 336 1670; x_wconf 81' lang='lat' dir='ltr'><strong>Ad</strong></span> <span class='ocrx_word' id='word_1_71' title='bbox 358 1605 399 1670; x_wconf 91' lang='grc' dir='ltr'><strong>Π.</strong></span> <span class='ocrx_word' id='word_1_72' title='bbox 444 1603 545 1686; x_wconf 80' lang='lat' dir='ltr'><strong>Quum</strong></span> <span class='ocrx_word' id='word_1_73' title='bbox 569 1604 682 1684; x_wconf 81' lang='lat' dir='ltr'><strong>agatur</strong></span> <span class='ocrx_word' id='word_1_74' title='bbox 704 1603 741 1668; x_wconf 93' lang='lat' dir='ltr'><strong>de</strong></span> <span class='ocrx_word' id='word_1_75' title='bbox 761 1602 884 1687; x_wconf 85' lang='lat' dir='ltr'><strong>juribus</strong></span> <span class='ocrx_word' id='word_1_76' title='bbox 900 1603 1009 1681; x_wconf 91' lang='lat' dir='ltr'><strong>stolae,</strong></span> <span class='ocrx_word' id='word_1_77' title='bbox 1033 1603 1198 1680; x_wconf 86' lang='lat' dir='ltr'><strong>satisesse,</strong></span> <span class='ocrx_word' id='word_1_78' title='bbox 1222 1601 1249 1665; x_wconf 88' lang='lat' dir='ltr'><strong>si</strong></span> <span class='ocrx_word' id='word_1_79' title='bbox 1272 1601 1426 1685; x_wconf 89' lang='lat' dir='ltr'><strong>parochus</strong></span> 
     </span>
    </p>
   </div>
   <div class='ocr_carea' id='block_1_10' title="bbox 100 1687 1426 2105">
    <p class='ocr_par' dir='ltr' id='par_1_10' title="bbox 100 1687 992 1792">
     <span class='ocr_line' id='line_1_12' title="bbox 100 1687 992 1792; baseline -0.001 -18"><span class='ocrx_word' id='word_1_80' title='bbox 100 1687 105 1698; x_wconf 50' lang='lat'>¹</span> <span class='ocrx_word' id='word_1_81' title='bbox 181 1711 336 1776; x_wconf 87' lang='lat' dir='ltr'><strong>retribuet</strong></span> <span class='ocrx_word' id='word_1_82' title='bbox 359 1709 527 1776; x_wconf 89' lang='lat' dir='ltr'><strong>celebranti</strong></span> <span class='ocrx_word' id='word_1_83' title='bbox 548 1707 771 1792; x_wconf 83' lang='lat' dir='ltr'><strong>eleemosynam</strong></span> <span class='ocrx_word' id='word_1_84' title='bbox 795 1706 992 1773; x_wconf 81' lang='lat' dir='ltr'><strong>ordinariam.</strong></span> 
     </span>
    </p>

    <p class='ocr_par' dir='ltr' id='par_1_11' title="bbox 156 1807 1426 2105">
     <span class='ocr_line' id='line_1_13' title="bbox 156 1807 1426 1898; baseline -0.002 -21"><span class='ocrx_word' id='word_1_85' title='bbox 156 1825 160 1830; x_wconf 84' lang='lat'>&#39;</span> <span class='ocrx_word' id='word_1_86' title='bbox 287 1812 335 1877; x_wconf 85' lang='lat' dir='ltr'><strong>Ad</strong></span> <span class='ocrx_word' id='word_1_87' title='bbox 360 1813 415 1880; x_wconf 87' lang='lat' dir='ltr'><strong>lli.</strong></span> <span class='ocrx_word' id='word_1_88' title='bbox 461 1811 620 1898; x_wconf 80' lang='lat' dir='ltr'><strong>Integram</strong></span> <span class='ocrx_word' id='word_1_89' title='bbox 652 1811 876 1896; x_wconf 86' lang='lat' dir='ltr'><strong>eleemosynam</strong></span> <span class='ocrx_word' id='word_1_90' title='bbox 907 1807 1083 1876; x_wconf 88' lang='lat' dir='ltr'><strong>solvendam</strong></span> <span class='ocrx_word' id='word_1_91' title='bbox 1115 1827 1197 1886; x_wconf 86' lang='lat' dir='ltr'><strong>esse,</strong></span> <span class='ocrx_word' id='word_1_92' title='bbox 1231 1807 1290 1872; x_wconf 89' lang='lat' dir='ltr'><strong>nisi</strong></span> <span class='ocrx_word' id='word_1_93' title='bbox 1311 1809 1426 1874; x_wconf 89' lang='lat' dir='ltr'><strong>morali</strong></span> 
     </span>
     <span class='ocr_line' id='line_1_14' title="bbox 185 1911 1426 1998; baseline -0.002 -18"><span class='ocrx_word' id='word_1_94' title='bbox 185 1916 370 1982; x_wconf 79' lang='lat' dir='ltr'><strong>certitudine</strong></span> <span class='ocrx_word' id='word_1_95' title='bbox 389 1917 518 1995; x_wconf 86' lang='lat' dir='ltr'><strong>constet,</strong></span> <span class='ocrx_word' id='word_1_96' title='bbox 542 1933 697 1984; x_wconf 85' lang='lat' dir='ltr'><strong>excessum</strong></span> <span class='ocrx_word' id='word_1_97' title='bbox 720 1915 891 1985; x_wconf 89' lang='lat' dir='ltr'><strong>communis</strong></span> <span class='ocrx_word' id='word_1_98' title='bbox 920 1915 1134 1998; x_wconf 88' lang='lat' dir='ltr'><strong>elcemosynae</strong></span> <span class='ocrx_word' id='word_1_99' title='bbox 1164 1911 1304 1978; x_wconf 89' lang='lat' dir='ltr'><strong>oblatum</strong></span> <span class='ocrx_word' id='word_1_100' title='bbox 1330 1911 1426 1978; x_wconf 86' lang='lat' dir='ltr'><strong>fuisse</strong></span> 
     </span>
     <span class='ocr_line' id='line_1_15' title="bbox 183 2018 740 2105; baseline 0.002 -22"><span class='ocrx_word' id='word_1_101' title='bbox 183 2019 300 2088; x_wconf 84' lang='lat' dir='ltr'><strong>intuitu</strong></span> <span class='ocrx_word' id='word_1_102' title='bbox 323 2020 587 2105; x_wconf 83' lang='lat' dir='ltr'><strong>personaeipsius</strong></span> <span class='ocrx_word' id='word_1_103' title='bbox 605 2018 740 2103; x_wconf 90' lang='lat' dir='ltr'><strong>parochi.</strong></span> 
     </span>
    </p>
   </div>
   <div class='ocr_carea' id='block_1_11' title="bbox 154 2121 1545 2314">
    <p class='ocr_par' dir='ltr' id='par_1_12' title="bbox 154 2121 1545 2314">
     <span class='ocr_line' id='line_1_16' title="bbox 154 2121 1545 2206; baseline 0.001 -19"><span class='ocrx_word' id='word_1_104' title='bbox 154 2157 158 2164; x_wconf 94' lang='lat'>·</span> <span class='ocrx_word' id='word_1_105' title='bbox 286 2123 331 2188; x_wconf 83' lang='lat' dir='ltr'><strong>Ex</strong></span> <span class='ocrx_word' id='word_1_106' title='bbox 353 2122 438 2188; x_wconf 91' lang='lat' dir='ltr'><strong>hisee</strong></span> <span class='ocrx_word' id='word_1_107' title='bbox 460 2123 666 2189; x_wconf 91' lang='lat' dir='ltr'><strong>decisionibus</strong></span> <span class='ocrx_word' id='word_1_108' title='bbox 688 2123 787 2206; x_wconf 88' lang='lat' dir='ltr'><strong>patet,</strong></span> <span class='ocrx_word' id='word_1_109' title='bbox 809 2122 964 2206; x_wconf 87' lang='lat' dir='ltr'><strong>integram</strong></span> <span class='ocrx_word' id='word_1_110' title='bbox 989 2121 1213 2206; x_wconf 88' lang='lat' dir='ltr'><strong>eleemosynam</strong></span> <span class='ocrx_word' id='word_1_111' title='bbox 1244 2141 1263 2186; x_wconf 88' lang='lat' dir='ltr'><strong>a</strong></span> <span class='ocrx_word' id='word_1_112' title='bbox 1291 2122 1427 2205; x_wconf 81' lang='lat' dir='ltr'><strong>parocho</strong></span> <span class='ocrx_word' id='word_1_113' title='bbox 1544 2135 1545 2188; x_wconf 69' lang='lat' dir='ltr'><strong>i</strong></span> 
     </span>
     <span class='ocr_line' id='line_1_17' title="bbox 188 2223 1545 2314; baseline 0.001 -24"><span class='ocrx_word' id='word_1_114' title='bbox 188 2225 364 2314; x_wconf 82' lang='lat' dir='ltr'><strong>soluendam</strong></span> <span class='ocrx_word' id='word_1_115' title='bbox 388 2245 454 2293; x_wconf 91' lang='lat' dir='ltr'><strong>esse</strong></span> <span class='ocrx_word' id='word_1_116' title='bbox 478 2227 507 2296; x_wconf 85' lang='lat' dir='ltr'><strong>ei</strong></span> <span class='ocrx_word' id='word_1_117' title='bbox 529 2226 692 2304; x_wconf 84' lang='lat' dir='ltr'><strong>sacerdoti,</strong></span> <span class='ocrx_word' id='word_1_118' title='bbox 715 2226 764 2290; x_wconf 89' lang='lat' dir='ltr'><strong>cui</strong></span> <span class='ocrx_word' id='word_1_119' title='bbox 785 2225 1022 2310; x_wconf 85' lang='lat' dir='ltr'><strong>persolutionem</strong></span> <span class='ocrx_word' id='word_1_120' title='bbox 1053 2223 1231 2310; x_wconf 88' lang='lat' dir='ltr'><strong>hujusmodi</strong></span> <span class='ocrx_word' id='word_1_121' title='bbox 1260 2225 1425 2292; x_wconf 84' lang='lat' dir='ltr'><strong>missarum</strong></span> <span class='ocrx_word' id='word_1_122' title='bbox 1544 2223 1545 2226; x_wconf 67' lang='grc'>’</span> 
     </span>
    </p>
   </div>
   <div class='ocr_carea' id='block_1_12' title="bbox 182 2329 1426 2622">
    <p class='ocr_par' dir='ltr' id='par_1_13' title="bbox 182 2329 1426 2622">
     <span class='ocr_line' id='line_1_18' title="bbox 182 2329 1426 2414; baseline 0.002 -20"><span class='ocrx_word' id='word_1_123' title='bbox 182 2330 383 2395; x_wconf 88' lang='lat' dir='ltr'><strong>fundatarum</strong></span> <span class='ocrx_word' id='word_1_124' title='bbox 406 2351 442 2396; x_wconf 86' lang='lat' dir='ltr'><strong>ex</strong></span> <span class='ocrx_word' id='word_1_125' title='bbox 464 2350 645 2414; x_wconf 87' lang='lat' dir='ltr'><strong>quacunque</strong></span> <span class='ocrx_word' id='word_1_126' title='bbox 669 2348 762 2394; x_wconf 88' lang='lat' dir='ltr'><strong>causa</strong></span> <span class='ocrx_word' id='word_1_127' title='bbox 788 2329 966 2396; x_wconf 87' lang='lat' dir='ltr'><strong>committit.</strong></span> <span class='ocrx_word' id='word_1_128' title='bbox 1012 2329 1114 2396; x_wconf 81' lang='lat' dir='ltr'><strong>Aliter</strong></span> <span class='ocrx_word' id='word_1_129' title='bbox 1142 2331 1246 2400; x_wconf 86' lang='lat' dir='ltr'><strong>antem</strong></span> <span class='ocrx_word' id='word_1_130' title='bbox 1278 2329 1308 2396; x_wconf 86' lang='lat' dir='ltr'><strong>S.</strong></span> <span class='ocrx_word' id='word_1_131' title='bbox 1345 2331 1426 2396; x_wconf 82' lang='lat' dir='ltr'><strong>Con·</strong></span> 
     </span>
     <span class='ocr_line' id='line_1_19' title="bbox 184 2431 1425 2519; baseline 0.001 -21"><span class='ocrx_word' id='word_1_132' title='bbox 184 2433 326 2518; x_wconf 85' lang='lat' dir='ltr'><strong>gregatio</strong></span> <span class='ocrx_word' id='word_1_133' title='bbox 350 2434 476 2499; x_wconf 84' lang='lat' dir='ltr'><strong>resoluit</strong></span> <span class='ocrx_word' id='word_1_134' title='bbox 499 2431 536 2498; x_wconf 92' lang='lat' dir='ltr'><strong>de</strong></span> <span class='ocrx_word' id='word_1_135' title='bbox 558 2433 661 2512; x_wconf 87' lang='lat' dir='ltr'><strong>missis</strong></span> <span class='ocrx_word' id='word_1_136' title='bbox 682 2433 890 2517; x_wconf 85' lang='lat' dir='ltr'><strong>exequialibus</strong></span> <span class='ocrx_word' id='word_1_137' title='bbox 916 2435 947 2498; x_wconf 90' lang='lat' dir='ltr'><strong>et</strong></span> <span class='ocrx_word' id='word_1_138' title='bbox 967 2433 1157 2517; x_wconf 90' lang='lat' dir='ltr'><strong>nuptialibus</strong></span> <span class='ocrx_word' id='word_1_139' title='bbox 1177 2434 1241 2499; x_wconf 88' lang='lat' dir='ltr'><strong>sive</strong></span> <span class='ocrx_word' id='word_1_140' title='bbox 1272 2434 1425 2519; x_wconf 86' lang='lat' dir='ltr'><strong>legendis,</strong></span> 
     </span>
     <span class='ocr_line' id='line_1_20' title="bbox 184 2535 1423 2622; baseline 0.002 -21"><span class='ocrx_word' id='word_1_141' title='bbox 184 2537 248 2601; x_wconf 83' lang='lat' dir='ltr'><strong>sive</strong></span> <span class='ocrx_word' id='word_1_142' title='bbox 271 2537 444 2604; x_wconf 87' lang='lat' dir='ltr'><strong>cantandis.</strong></span> <span class='ocrx_word' id='word_1_143' title='bbox 489 2537 565 2603; x_wconf 81' lang='lat' dir='ltr'><strong>Cum</strong></span> <span class='ocrx_word' id='word_1_144' title='bbox 591 2535 673 2603; x_wconf 92' lang='lat' dir='ltr'><strong>enim</strong></span> <span class='ocrx_word' id='word_1_145' title='bbox 695 2536 771 2604; x_wconf 90' lang='lat' dir='ltr'><strong>haec</strong></span> <span class='ocrx_word' id='word_1_146' title='bbox 793 2535 856 2601; x_wconf 90' lang='lat' dir='ltr'><strong>sint</strong></span> <span class='ocrx_word' id='word_1_147' title='bbox 875 2537 948 2622; x_wconf 88' lang='lat' dir='ltr'><strong>jura</strong></span> <span class='ocrx_word' id='word_1_148' title='bbox 969 2537 1075 2614; x_wconf 91' lang='lat' dir='ltr'><strong>stolae,</strong></span> <span class='ocrx_word' id='word_1_149' title='bbox 1099 2537 1224 2618; x_wconf 87' lang='lat' dir='ltr'><strong>decidit,</strong></span> <span class='ocrx_word' id='word_1_150' title='bbox 1246 2539 1323 2604; x_wconf 87' lang='lat' dir='ltr'><strong>satis</strong></span> <span class='ocrx_word' id='word_1_151' title='bbox 1347 2557 1423 2621; x_wconf 89' lang='lat' dir='ltr'><strong>esse,</strong></span> 
     </span>
    </p>
   </div>
   <div class='ocr_carea' id='block_1_13' title="bbox 168 2637 1546 2830">
    <p class='ocr_par' dir='ltr' id='par_1_14' title="bbox 168 2637 1546 2830">
     <span class='ocr_line' id='line_1_21' title="bbox 183 2637 1546 2728; baseline 0.002 -23"><span class='ocrx_word' id='word_1_152' title='bbox 183 2642 208 2705; x_wconf 90' lang='lat' dir='ltr'><strong>si</strong></span> <span class='ocrx_word' id='word_1_153' title='bbox 230 2637 382 2724; x_wconf 87' lang='lat' dir='ltr'><strong>parochus</strong></span> <span class='ocrx_word' id='word_1_154' title='bbox 405 2641 574 2707; x_wconf 87' lang='lat' dir='ltr'><strong>celebranti</strong></span> <span class='ocrx_word' id='word_1_155' title='bbox 593 2642 818 2728; x_wconf 82' lang='lat' dir='ltr'><strong>eleemosynam</strong></span> <span class='ocrx_word' id='word_1_156' title='bbox 841 2641 995 2708; x_wconf 86' lang='lat' dir='ltr'><strong>retribuat</strong></span> <span class='ocrx_word' id='word_1_157' title='bbox 1017 2641 1215 2722; x_wconf 87' lang='lat' dir='ltr'><strong>ordinariam,</strong></span> <span class='ocrx_word' id='word_1_158' title='bbox 1241 2642 1423 2727; x_wconf 85' lang='lat' dir='ltr'><strong>etquidem,</strong></span> <span class='ocrx_word' id='word_1_159' title='bbox 1545 2703 1546 2724; x_wconf 74' lang='lat'><strong>,</strong></span> 
     </span>
     <span class='ocr_line' id='line_1_22' title="bbox 168 2725 1546 2830; baseline 0.004 -22"><span class='ocrx_word' id='word_1_160' title='bbox 168 2743 209 2822; x_wconf 49' lang='lat' dir='ltr'><strong>,si</strong></span> <span class='ocrx_word' id='word_1_161' title='bbox 232 2744 399 2827; x_wconf 83' lang='lat' dir='ltr'><strong>agatur&#39;do</strong></span> <span class='ocrx_word' id='word_1_162' title='bbox 422 2745 692 2830; x_wconf 84' lang='lat' dir='ltr'><strong>missislegendis,</strong></span> <span class='ocrx_word' id='word_1_163' title='bbox 715 2744 902 2811; x_wconf 87' lang='lat' dir='ltr'><strong>ordinariam</strong></span> <span class='ocrx_word' id='word_1_164' title='bbox 926 2765 981 2830; x_wconf 92' lang='lat' dir='ltr'><strong>pro</strong></span> <span class='ocrx_word' id='word_1_165' title='bbox 1000 2744 1157 2830; x_wconf 86' lang='lat' dir='ltr'><strong>legendis,</strong></span> <span class='ocrx_word' id='word_1_166' title='bbox 1177 2742 1208 2812; x_wconf 84' lang='lat' dir='ltr'><strong>¹si</strong></span> <span class='ocrx_word' id='word_1_167' title='bbox 1229 2747 1266 2812; x_wconf 89' lang='lat' dir='ltr'><strong>de</strong></span> <span class='ocrx_word' id='word_1_168' title='bbox 1289 2749 1424 2814; x_wconf 90' lang='lat' dir='ltr'><strong>cantan-</strong></span> <span class='ocrx_word' id='word_1_169' title='bbox 1545 2725 1546 2764; x_wconf 41' lang='lat' dir='ltr'><strong>i</strong></span> 
     </span>
    </p>
   </div>
   <div class='ocr_carea' id='block_1_14' title="bbox 104 2848 1430 4265">
    <p class='ocr_par' dir='ltr' id='par_1_15' title="bbox 182 2848 1427 3245">
     <span class='ocr_line' id='line_1_23' title="bbox 182 2848 1425 2933; baseline 0.003 -21"><span class='ocrx_word' id='word_1_170' title='bbox 182 2848 229 2913; x_wconf 93' lang='lat' dir='ltr'><strong>dis</strong></span> <span class='ocrx_word' id='word_1_171' title='bbox 252 2849 374 2932; x_wconf 83' lang='lat' dir='ltr'><strong>agatur,</strong></span> <span class='ocrx_word' id='word_1_172' title='bbox 397 2869 451 2933; x_wconf 91' lang='lat' dir='ltr'><strong>pro</strong></span> <span class='ocrx_word' id='word_1_173' title='bbox 472 2851 634 2915; x_wconf 88' lang='lat' dir='ltr'><strong>cantandis</strong></span> <span class='ocrx_word' id='word_1_174' title='bbox 656 2851 689 2915; x_wconf 92' lang='lat' dir='ltr'><strong>in</strong></span> <span class='ocrx_word' id='word_1_175' title='bbox 712 2870 747 2916; x_wconf 92' lang='lat' dir='ltr'><strong>eo</strong></span> <span class='ocrx_word' id='word_1_176' title='bbox 769 2850 835 2915; x_wconf 92' lang='lat' dir='ltr'><strong>loco</strong></span> <span class='ocrx_word' id='word_1_177' title='bbox 857 2851 895 2914; x_wconf 88' lang='lat' dir='ltr'><strong>ab</strong></span> <span class='ocrx_word' id='word_1_178' title='bbox 919 2849 1083 2916; x_wconf 79' lang='lat' dir='ltr'><strong>Ordinatio</strong></span> <span class='ocrx_word' id='word_1_179' title='bbox 1106 2850 1260 2916; x_wconf 91' lang='lat' dir='ltr'><strong>statutam</strong></span> <span class='ocrx_word' id='word_1_180' title='bbox 1278 2871 1330 2916; x_wconf 92' lang='lat' dir='ltr'><strong>seu</strong></span> <span class='ocrx_word' id='word_1_181' title='bbox 1351 2871 1425 2916; x_wconf 89' lang='lat' dir='ltr'><strong>con·</strong></span> 
     </span>
     <span class='ocr_line' id='line_1_24' title="bbox 182 2951 1425 3039; baseline 0.005 -23"><span class='ocrx_word' id='word_1_182' title='bbox 182 2951 345 3018; x_wconf 90' lang='lat' dir='ltr'><strong>suetudine</strong></span> <span class='ocrx_word' id='word_1_183' title='bbox 369 2956 531 3038; x_wconf 87' lang='lat' dir='ltr'><strong>receptam.</strong></span> <span class='ocrx_word' id='word_1_184' title='bbox 578 2953 765 3039; x_wconf 84' lang='lat' dir='ltr'><strong>Suppositur</strong></span> <span class='ocrx_word' id='word_1_185' title='bbox 788 2955 911 3033; x_wconf 87' lang='lat' dir='ltr'><strong>autern,</strong></span> <span class='ocrx_word' id='word_1_186' title='bbox 944 2957 979 3020; x_wconf 90' lang='lat' dir='ltr'><strong>ut</strong></span> <span class='ocrx_word' id='word_1_187' title='bbox 998 2973 1113 3022; x_wconf 87' lang='lat' dir='ltr'><strong>revera</strong></span> <span class='ocrx_word' id='word_1_188' title='bbox 1134 2954 1197 3021; x_wconf 86' lang='lat' dir='ltr'><strong>sint</strong></span> <span class='ocrx_word' id='word_1_189' title='bbox 1217 2955 1328 3020; x_wconf 85' lang='lat' dir='ltr'><strong>missae</strong></span> <span class='ocrx_word' id='word_1_190' title='bbox 1352 2976 1425 3022; x_wconf 81' lang='lat' dir='ltr'><strong>exe-</strong></span> 
     </span>
     <span class='ocr_line' id='line_1_25' title="bbox 182 3047 1427 3144; baseline 0.006 -25"><span class='ocrx_word' id='word_1_191' title='bbox 182 3055 300 3139; x_wconf 85' lang='lat' dir='ltr'><strong>quiales</strong></span> <span class='ocrx_word' id='word_1_192' title='bbox 322 3056 355 3120; x_wconf 92' lang='lat' dir='ltr'><strong>in</strong></span> <span class='ocrx_word' id='word_1_193' title='bbox 379 3057 513 3140; x_wconf 84' lang='lat' dir='ltr'><strong>exequiis</strong></span> <span class='ocrx_word' id='word_1_194' title='bbox 536 3047 756 3124; x_wconf 69' lang='lat' dir='ltr'><strong>defunctorum</strong></span> <span class='ocrx_word' id='word_1_195' title='bbox 772 3059 830 3140; x_wconf 90' lang='lat' dir='ltr'><strong>pro</strong></span> <span class='ocrx_word' id='word_1_196' title='bbox 858 3057 1011 3122; x_wconf 84' lang='lat' dir='ltr'><strong>defunctis</strong></span> <span class='ocrx_word' id='word_1_197' title='bbox 1039 3060 1071 3125; x_wconf 89' lang='lat' dir='ltr'><strong>et</strong></span> <span class='ocrx_word' id='word_1_198' title='bbox 1101 3057 1257 3143; x_wconf 88' lang='lat' dir='ltr'><strong>nuptiales</strong></span> <span class='ocrx_word' id='word_1_199' title='bbox 1285 3060 1318 3144; x_wconf 78' lang='lat' dir='ltr'><strong>ip</strong></span> <span class='ocrx_word' id='word_1_200' title='bbox 1354 3081 1427 3126; x_wconf 90' lang='lat' dir='ltr'><strong>con·</strong></span> 
     </span>
     <span class='ocr_line' id='line_1_26' title="bbox 183 3159 1020 3245; baseline 0.006 -22"><span class='ocrx_word' id='word_1_201' title='bbox 183 3159 343 3224; x_wconf 85' lang='lat' dir='ltr'><strong>trahendis</strong></span> <span class='ocrx_word' id='word_1_202' title='bbox 365 3161 570 3227; x_wconf 86' lang='lat' dir='ltr'><strong>matrimoniis</strong></span> <span class='ocrx_word' id='word_1_203' title='bbox 592 3181 646 3245; x_wconf 91' lang='lat' dir='ltr'><strong>pro</strong></span> <span class='ocrx_word' id='word_1_204' title='bbox 667 3161 787 3244; x_wconf 89' lang='lat' dir='ltr'><strong>sponsis</strong></span> <span class='ocrx_word' id='word_1_205' title='bbox 810 3160 1020 3228; x_wconf 86' lang='lat' dir='ltr'><strong>celebrandae.</strong></span> 
     </span>
    </p>

    <p class='ocr_par' dir='ltr' id='par_1_16' title="bbox 185 3263 1428 3556">
     <span class='ocr_line' id='line_1_27' title="bbox 287 3263 1428 3349; baseline 0.005 -22"><span class='ocrx_word' id='word_1_206' title='bbox 287 3263 398 3348; x_wconf 86' lang='lat' dir='ltr'><strong>ltaque</strong></span> <span class='ocrx_word' id='word_1_207' title='bbox 421 3264 493 3330; x_wconf 91' lang='lat' dir='ltr'><strong>dnm</strong></span> <span class='ocrx_word' id='word_1_208' title='bbox 518 3265 693 3349; x_wconf 89' lang='lat' dir='ltr'><strong>hujusmodi</strong></span> <span class='ocrx_word' id='word_1_209' title='bbox 716 3263 747 3331; x_wconf 85' lang='lat' dir='ltr'><strong>S.</strong></span> <span class='ocrx_word' id='word_1_210' title='bbox 771 3263 859 3332; x_wconf 85' lang='lat' dir='ltr'><strong>Sedis</strong></span> <span class='ocrx_word' id='word_1_211' title='bbox 884 3265 1051 3332; x_wconf 88' lang='lat' dir='ltr'><strong>decisiones</strong></span> <span class='ocrx_word' id='word_1_212' title='bbox 1071 3285 1141 3332; x_wconf 93' lang='lat' dir='ltr'><strong>cum</strong></span> <span class='ocrx_word' id='word_1_213' title='bbox 1164 3265 1328 3332; x_wconf 87' lang='lat' dir='ltr'><strong>reverendo</strong></span> <span class='ocrx_word' id='word_1_214' title='bbox 1344 3268 1428 3334; x_wconf 90' lang='lat' dir='ltr'><strong>clero</strong></span> 
     </span>
     <span class='ocr_line' id='line_1_28' title="bbox 185 3366 1427 3451; baseline 0.004 -20"><span class='ocrx_word' id='word_1_215' title='bbox 185 3366 455 3435; x_wconf 87' lang='lat' dir='ltr'><strong>Archidioeceseos</strong></span> <span class='ocrx_word' id='word_1_216' title='bbox 477 3369 561 3436; x_wconf 90' lang='lat' dir='ltr'><strong>hisce</strong></span> <span class='ocrx_word' id='word_1_217' title='bbox 576 3369 849 3449; x_wconf 86' lang='lat' dir='ltr'><strong>communicamus,</strong></span> <span class='ocrx_word' id='word_1_218' title='bbox 872 3369 1054 3435; x_wconf 89' lang='lat' dir='ltr'><strong>confidimus</strong></span> <span class='ocrx_word' id='word_1_219' title='bbox 1071 3372 1144 3451; x_wconf 85' lang='lat' dir='ltr'><strong>lore,</strong></span> <span class='ocrx_word' id='word_1_220' title='bbox 1163 3374 1199 3436; x_wconf 93' lang='lat' dir='ltr'><strong>ut</strong></span> <span class='ocrx_word' id='word_1_221' title='bbox 1218 3371 1257 3436; x_wconf 91' lang='lat' dir='ltr'><strong>ah</strong></span> <span class='ocrx_word' id='word_1_222' title='bbox 1272 3371 1427 3451; x_wconf 90' lang='lat' dir='ltr'><strong>omnibns,</strong></span> 
     </span>
     <span class='ocr_line' id='line_1_29' title="bbox 185 3471 1010 3556; baseline 0.004 -21"><span class='ocrx_word' id='word_1_223' title='bbox 185 3471 225 3535; x_wconf 84' lang='lat' dir='ltr'><strong>ad</strong></span> <span class='ocrx_word' id='word_1_224' title='bbox 243 3489 318 3554; x_wconf 89' lang='lat' dir='ltr'><strong>quos</strong></span> <span class='ocrx_word' id='word_1_225' title='bbox 340 3475 490 3556; x_wconf 89' lang='lat' dir='ltr'><strong>spectant,</strong></span> <span class='ocrx_word' id='word_1_226' title='bbox 511 3474 549 3539; x_wconf 92' lang='lat' dir='ltr'><strong>ad</strong></span> <span class='ocrx_word' id='word_1_227' title='bbox 570 3474 717 3539; x_wconf 87' lang='lat' dir='ltr'><strong>amussim</strong></span> <span class='ocrx_word' id='word_1_228' title='bbox 741 3476 909 3540; x_wconf 83' lang='lat' dir='ltr'><strong>serventur.</strong></span> <span class='ocrx_word' id='word_1_229' title='bbox 1008 3475 1010 3480; x_wconf 78' lang='grc'>’</span> 
     </span>
    </p>

    <p class='ocr_par' dir='ltr' id='par_1_17' title="bbox 104 3575 1430 4265">
     <span class='ocr_line' id='line_1_30' title="bbox 293 3575 1427 3663; baseline 0.005 -23"><span class='ocrx_word' id='word_1_230' title='bbox 293 3575 434 3659; x_wconf 91' lang='lat' dir='ltr'><strong>Denique</strong></span> <span class='ocrx_word' id='word_1_231' title='bbox 456 3576 740 3656; x_wconf 86' lang='lat' dir='ltr'><strong>animadvertimus,</strong></span> <span class='ocrx_word' id='word_1_232' title='bbox 758 3577 927 3661; x_wconf 84' lang='lat' dir='ltr'><strong>praefatam</strong></span> <span class='ocrx_word' id='word_1_233' title='bbox 949 3577 1134 3644; x_wconf 88' lang='lat' dir='ltr'><strong>decisionem</strong></span> <span class='ocrx_word' id='word_1_234' title='bbox 1155 3578 1193 3644; x_wconf 90' lang='lat' dir='ltr'><strong>ad</strong></span> <span class='ocrx_word' id='word_1_235' title='bbox 1217 3581 1242 3646; x_wconf 92' lang='grc' dir='ltr'><strong>Ι.</strong></span> <span class='ocrx_word' id='word_1_236' title='bbox 1267 3600 1326 3646; x_wconf 94' lang='lat' dir='ltr'><strong>non</strong></span> <span class='ocrx_word' id='word_1_237' title='bbox 1343 3599 1427 3663; x_wconf 88' lang='lat' dir='ltr'><strong>spee-</strong></span> 
     </span>
     <span class='ocr_line' id='line_1_31' title="bbox 185 3679 1426 3764; baseline 0.005 -22"><span class='ocrx_word' id='word_1_238' title='bbox 185 3679 251 3744; x_wconf 90' lang='lat' dir='ltr'><strong>tare</strong></span> <span class='ocrx_word' id='word_1_239' title='bbox 273 3679 312 3744; x_wconf 90' lang='lat' dir='ltr'><strong>ed</strong></span> <span class='ocrx_word' id='word_1_240' title='bbox 335 3679 498 3745; x_wconf 90' lang='lat' dir='ltr'><strong>missarum</strong></span> <span class='ocrx_word' id='word_1_241' title='bbox 520 3700 612 3764; x_wconf 89' lang='lat' dir='ltr'><strong>onere</strong></span> <span class='ocrx_word' id='word_1_242' title='bbox 634 3681 726 3746; x_wconf 89' lang='lat' dir='ltr'><strong>alicui</strong></span> <span class='ocrx_word' id='word_1_243' title='bbox 748 3681 895 3747; x_wconf 88' lang='lat' dir='ltr'><strong>beneficio</strong></span> <span class='ocrx_word' id='word_1_244' title='bbox 917 3681 1127 3749; x_wconf 87' lang='lat' dir='ltr'><strong>ecclesiastico</strong></span> <span class='ocrx_word' id='word_1_245' title='bbox 1152 3702 1186 3747; x_wconf 86' lang='lat' dir='ltr'><strong>er</strong></span> <span class='ocrx_word' id='word_1_246' title='bbox 1213 3683 1322 3749; x_wconf 89' lang='lat' dir='ltr'><strong>limine</strong></span> <span class='ocrx_word' id='word_1_247' title='bbox 1352 3685 1426 3748; x_wconf 84' lang='lat' dir='ltr'><strong>iun-</strong></span> 
     </span>
     <span class='ocr_line' id='line_1_32' title="bbox 184 3782 1429 3871; baseline 0.006 -25"><span class='ocrx_word' id='word_1_248' title='bbox 184 3782 318 3848; x_wconf 88' lang='lat' dir='ltr'><strong>dationis</strong></span> <span class='ocrx_word' id='word_1_249' title='bbox 330 3783 396 3867; x_wconf 88' lang='lat' dir='ltr'><strong>jam</strong></span> <span class='ocrx_word' id='word_1_250' title='bbox 418 3783 620 3852; x_wconf 88' lang='lat' dir='ltr'><strong>inhaerentia.</strong></span> <span class='ocrx_word' id='word_1_251' title='bbox 666 3785 814 3850; x_wconf 85' lang='lat' dir='ltr'><strong>Beneficii</strong></span> <span class='ocrx_word' id='word_1_252' title='bbox 846 3785 928 3850; x_wconf 91' lang='lat' dir='ltr'><strong>enim</strong></span> <span class='ocrx_word' id='word_1_253' title='bbox 950 3803 1107 3870; x_wconf 88' lang='lat' dir='ltr'><strong>possessor</strong></span> <span class='ocrx_word' id='word_1_254' title='bbox 1130 3786 1270 3871; x_wconf 85' lang='lat' dir='ltr'><strong>legitime</strong></span> <span class='ocrx_word' id='word_1_255' title='bbox 1292 3787 1429 3870; x_wconf 88' lang='lat' dir='ltr'><strong>impedi·</strong></span> 
     </span>
     <span class='ocr_line' id='line_1_33' title="bbox 185 3886 1429 3972; baseline 0.008 -24"><span class='ocrx_word' id='word_1_256' title='bbox 185 3886 246 3965; x_wconf 80' lang='lat' dir='ltr'><strong>tua,</strong></span> <span class='ocrx_word' id='word_1_257' title='bbox 267 3888 430 3969; x_wconf 87' lang='lat' dir='ltr'><strong>quominus</strong></span> <span class='ocrx_word' id='word_1_258' title='bbox 466 3887 531 3970; x_wconf 90' lang='lat' dir='ltr'><strong>ipse</strong></span> <span class='ocrx_word' id='word_1_259' title='bbox 554 3888 661 3954; x_wconf 90' lang='lat' dir='ltr'><strong>eadem</strong></span> <span class='ocrx_word' id='word_1_260' title='bbox 692 3889 868 3972; x_wconf 84' lang='lat' dir='ltr'><strong>persolvat,</strong></span> <span class='ocrx_word' id='word_1_261' title='bbox 906 3909 965 3955; x_wconf 89' lang='lat' dir='ltr'><strong>oon</strong></span> <span class='ocrx_word' id='word_1_262' title='bbox 987 3891 1112 3955; x_wconf 87' lang='lat' dir='ltr'><strong>tenetur</strong></span> <span class='ocrx_word' id='word_1_263' title='bbox 1135 3890 1275 3957; x_wconf 91' lang='lat' dir='ltr'><strong>beneficii</strong></span> <span class='ocrx_word' id='word_1_264' title='bbox 1307 3891 1429 3958; x_wconf 86' lang='lat' dir='ltr'><strong>reditus</strong></span> 
     </span>
     <span class='ocr_line' id='line_1_34' title="bbox 104 3989 1430 4080; baseline 0.008 -28"><span class='ocrx_word' id='word_1_265' title='bbox 104 4057 107 4062; x_wconf 65' lang='grc'><strong>,</strong></span> <span class='ocrx_word' id='word_1_266' title='bbox 184 3989 321 4074; x_wconf 82' lang='lat' dir='ltr'><strong>integros</strong></span> <span class='ocrx_word' id='word_1_267' title='bbox 343 3991 511 4074; x_wconf 85' lang='lat' dir='ltr'><strong>respective</strong></span> <span class='ocrx_word' id='word_1_268' title='bbox 539 4009 642 4057; x_wconf 88' lang='lat' dir='ltr'><strong>eorum</strong></span> <span class='ocrx_word' id='word_1_269' title='bbox 666 3993 754 4075; x_wconf 91' lang='lat' dir='ltr'><strong>parte</strong></span> <span class='ocrx_word' id='word_1_270' title='bbox 774 4009 940 4077; x_wconf 83' lang='lat' dir='ltr'><strong>congruam</strong></span> <span class='ocrx_word' id='word_1_271' title='bbox 972 3993 1026 4059; x_wconf 87' lang='lat' dir='ltr'><strong>aiii</strong></span> <span class='ocrx_word' id='word_1_272' title='bbox 1050 3994 1219 4073; x_wconf 85' lang='lat' dir='ltr'><strong>sacerdoti,</strong></span> <span class='ocrx_word' id='word_1_273' title='bbox 1249 3995 1430 4080; x_wconf 86' lang='lat' dir='ltr'><strong>hujusmodi</strong></span> 
     </span>
     <span class='ocr_line' id='line_1_35' title="bbox 184 4093 1429 4184; baseline 0.007 -27"><span class='ocrx_word' id='word_1_274' title='bbox 184 4093 348 4158; x_wconf 89' lang='lat' dir='ltr'><strong>missarum</strong></span> <span class='ocrx_word' id='word_1_275' title='bbox 369 4113 462 4159; x_wconf 89' lang='lat' dir='ltr'><strong>onera</strong></span> <span class='ocrx_word' id='word_1_276' title='bbox 483 4095 684 4178; x_wconf 80' lang='lat' dir='ltr'><strong>persoluenti,</strong></span> <span class='ocrx_word' id='word_1_277' title='bbox 708 4096 852 4174; x_wconf 89' lang='lat' dir='ltr'><strong>tradere,</strong></span> <span class='ocrx_word' id='word_1_278' title='bbox 873 4095 926 4162; x_wconf 91' lang='lat' dir='ltr'><strong>sed</strong></span> <span class='ocrx_word' id='word_1_279' title='bbox 950 4098 1105 4164; x_wconf 86' lang='lat' dir='ltr'><strong>satisfacit</strong></span> <span class='ocrx_word' id='word_1_280' title='bbox 1134 4098 1279 4165; x_wconf 87' lang='lat' dir='ltr'><strong>solvendo</strong></span> <span class='ocrx_word' id='word_1_281' title='bbox 1308 4100 1429 4184; x_wconf 85' lang='lat' dir='ltr'><strong>stipen-</strong></span> 
     </span>
     <span class='ocr_line' id='line_1_36' title="bbox 186 4192 734 4265; baseline 0.009 -5"><span class='ocrx_word' id='word_1_282' title='bbox 186 4196 272 4262; x_wconf 91' lang='lat' dir='ltr'><strong>dium</strong></span> <span class='ocrx_word' id='word_1_283' title='bbox 296 4197 485 4263; x_wconf 88' lang='lat' dir='ltr'><strong>ordinarium</strong></span> <span class='ocrx_word' id='word_1_284' title='bbox 509 4192 734 4265; x_wconf 55' lang='lat' dir='ltr'><strong>dioecesanum,</strong></span> 
     </span>
    </p>
   </div>
   <div class='ocr_carea' id='block_1_15' title="bbox 290 4300 1146 4514">
    <p class='ocr_par' dir='ltr' id='par_1_18' title="bbox 290 4300 1146 4514">
     <span class='ocr_line' id='line_1_37' title="bbox 290 4300 917 4380; baseline 0.003 -14"><span class='ocrx_word' id='word_1_285' title='bbox 290 4300 448 4380; x_wconf 71' lang='lat' dir='ltr'><strong>Coloniae,</strong></span> <span class='ocrx_word' id='word_1_286' title='bbox 472 4302 521 4366; x_wconf 88' lang='lat' dir='ltr'><strong>die</strong></span> <span class='ocrx_word' id='word_1_287' title='bbox 545 4304 594 4369; x_wconf 82' lang='lat'><strong>12.</strong></span> <span class='ocrx_word' id='word_1_288' title='bbox 619 4303 799 4368; x_wconf 85' lang='lat' dir='ltr'><strong>Decembris</strong></span> <span class='ocrx_word' id='word_1_289' title='bbox 825 4303 917 4368; x_wconf 84' lang='grc'><strong>1874.</strong></span> 
     </span>
     <span class='ocr_line' id='line_1_38' title="bbox 469 4423 1146 4514; baseline 0.015 -26"><span class='ocrx_word' id='word_1_290' title='bbox 469 4423 646 4512; x_wconf 78' lang='lat' dir='ltr'><strong>†Poutus,</strong></span> <span class='ocrx_word' id='word_1_291' title='bbox 671 4425 925 4514; x_wconf 69' lang='lat' dir='ltr'><strong>archiepiscopus</strong></span> <span class='ocrx_word' id='word_1_292' title='bbox 948 4425 1146 4498; x_wconf 70' lang='lat' dir='ltr'><strong>coloniensis.</strong></span> 
     </span>
    </p>
   </div>
   <div class='ocr_carea' id='block_1_16' title="bbox 0 0 1565 4966">
    <p class='ocr_par' dir='ltr' id='par_1_19' title="bbox 0 0 1565 4966">
     <span class='ocr_line' id='line_1_39' title="bbox 0 0 1565 4966; baseline 0 0"><span class='ocrx_word' id='word_1_293' title='bbox 0 0 1565 4966; x_wconf 95' lang='lat' dir='ltr'><strong> </strong></span> 
     </span>
    </p>
   </div>
  </div>
 </body>
</html>
