3120 4956
90 361 91 364 Ν
187 259 252 328 376
307 281 361 336 nu
387 281 447 336 ΡΡ.
465 280 519 336 lx.
537 280 705 350 numana
723 282 753 336 o.
771 281 800 335 s.
819 281 907 337 secr.
925 281 1001 368 reis
1020 285 1062 338 aa
1081 282 1173 354 episc.
1190 282 1317 340 some.

25 457 26 460 ’
120 471 122 474 ·
187 453 221 518 in
243 452 303 519 hac
324 453 392 518 acie
415 453 531 520 constit
555 453 589 533 t,
612 471 702 537 pares
725 453 890 519 certamini
912 453 993 524 vires
1015 456 1186 540 praebebit
1232 458 1269 523 In
1291 458 1349 523 illo
1370 477 1450 542 spes

188 560 246 638 est,
270 558 298 623 ei
320 577 376 624 nos
397 557 568 624 subdamus
590 559 623 623 et
638 557 884 624 misericordiam
905 579 1076 642 precemur.
1100 559 1146 644 (S.
1166 561 1247 646 Aug.
1263 581 1357 629 serm.
1374 565 1449 644 55.)

46 657 47 660 ’
188 661 261 728 Jarn
283 661 380 740 illud,
414 661 496 746 quoi
519 661 587 745 lpse
615 661 851 746 praenunciavit
876 664 1032 744 evenisse,
1067 664 1213 732 cernitis:
1239 667 1320 750 qnod
1341 666 1450 751 igitur

188 765 260 850 lpse
280 765 433 850 promisit,
456 765 583 831 indubie
604 766 644 831 ab
666 766 711 832 llo
731 767 953 850 praestandum
977 786 1044 834 esse
1065 767 1219 837 confidito.
1250 770 1288 834 ln
1311 771 1449 848 mundo,

190 870 251 950 ait,
275 888 450 954 pressuram
472 869 646 948 habebitis;
676 871 731 937 sed
761 870 923 950 confidite,
954 890 1012 957 ego
1042 873 1103 938 uici
1133 873 1296 939 mundum.
1333 873 1450 956 (Joan.

294 1076 378 1143 Huic
399 1078 506 1163 itaque
528 1077 678 1146 victoriae
700 1079 807 1144 conlisi
837 1099 945 1164 paoem
958 1080 1088 1166 interea
1110 1082 1144 1146 et
1165 1081 1299 1166 gratiam
1326 1081 1451 1167 aSpi-

189 1181 254 1246 ritu
275 1180 389 1248 Sancto
409 1181 593 1266 suppliciter
613 1183 825 1266 adprecemur,
848 1184 881 1250 et
902 1185 1096 1268 praecipuae
1108 1184 1282 1251 dilectionis
1304 1187 1450 1254 Nostrae

192 1287 307 1354 testem
327 1286 539 1370 Apostolicam
560 1287 813 1353 Benedictionem
836 1288 950 1369 Vobis,
973 1289 1117 1356 universo
1139 1289 1245 1367 clero,
1269 1292 1302 1355 et
1321 1291 1450 1356 Fideli-

189 1392 248 1456 bns
270 1389 453 1476 vigilantiae
475 1391 607 1458 Vestrae
631 1391 804 1457 commissis
827 1393 1024 1477 peramanter
1046 1393 1252 1478 impertimus.

265 1518 271 1527 „
294 1495 412 1560 Datum
445 1496 564 1562 Romae
597 1496 679 1580 apud
701 1495 732 1564 S.
755 1497 885 1564 Petrum
916 1497 967 1563 die
990 1499 1019 1564 5.
1043 1498 1207 1584 Februarii
1229 1499 1319 1564 Anno
1347 1500 1447 1566 1875.

191 1598 397 1665 Pontificatu's
421 1598 531 1664 Nostri
551 1599 612 1666 An.
629 1599 753 1666 XXIX.

1074 1705 1168 1773 PIUS
1196 1707 1258 1773 ΡΡ.
1281 1707 1340 1775 ΙΧ.
