3152 4952
173 300 227 357 are
243 300 303 356 an
322 298 375 356 rx.
393 299 537 371 spretura
556 297 722 370 uesperam
742 302 770 355 u.
790 297 835 354 aa
855 299 927 354 nec.
946 299 1029 353 rava.
1049 297 1159 365 (ruera
1176 259 1275 364 aare.)
1319 276 1382 343 ao?

136 494 192 558 per
213 493 245 540 se
269 475 362 557 ipsos,
383 473 447 538 sive
469 492 523 555 per
545 491 672 552 eornm,
693 489 860 554 earumque
881 469 1041 554 regulares
1063 470 1225 536 Praelatcs
1253 471 1309 534 aut
1328 488 1382 534 su·

137 577 288 662 periores',
310 575 360 642 vel
379 595 434 658 per
453 575 620 658 prudentes
656 573 864 640 Confessarios
887 573 950 639 alia
971 573 1113 658 pietatis,
1143 572 1306 645 charitatis
1327 574 1383 638 ant

136 679 296 765 religionis
317 698 410 762 opera
431 679 464 744 in
486 679 589 744 locum
613 678 828 745 visitationum
850 675 1048 761 hujusmodi,
1072 697 1128 750 seu
1156 677 1330 760 respective
1349 677 1383 742 in

135 786 238 850 locum
273 783 505 849 sacramentalis
536 781 765 848 communionis
790 780 975 865 praedictae
1005 780 1044 846 ab
1077 781 1152 864 ipsis
1187 781 1383 866 adimplenda

136 887 358 971 praescribam
373 888 478 970 atqua
500 885 597 951 etiam
617 884 769 969 Capitulis
790 886 822 949 et
843 874 1223 968 Congragaticnibustam
1244 887 1383 952 saecula·
1465 903 1472 958 ἱ

136 991 227 1071 mum,
251 1009 344 1074 quarn
366 988 569 1072 regularium,
596 987 827 1065 sodalitatibus,
851 986 1176 1068 confraternitatum,
1197 989 1382 1055 universita·
1418 1014 1420 1018 ·

130 1095 240 1171 tibus,
265 1113 319 1158 seu
342 1093 480 1178 collegiis
504 1093 749 1177 quibuscumque
778 1091 934 1182 Ecclesiae
965 1091 1148 1176 hujusmodi.
1173 1095 1382 1176 processiona-

135 1200 209 1264 liter
229 1197 439 1276 visitantibus,
464 1198 587 1263 easdem
609 1197 806 1266 visitationes
827 1196 866 1262 ad
886 1197 1042 1262 minorem
1068 1215 1305 1281 numerum-pro
1326 1217 1382 1264 suo

136 1301 281 1386 prudenti
303 1301 431 1367 arbitrio
448 1301 594 1366 reducere
614 1301 732 1384 possint
754 1319 794 1366 ac
809 1301 946 1380 valeant,
968 1301 1144 1367 earumdem
1168 1304 1273 1369 tenore
1292 1322 1382 1386 prae·

139 1406 275 1471 sentium
299 1405 495 1471 concedimus
517 1404 635 1488 pariter
656 1407 688 1470 et
708 1405 915 1489 indulgemus.
1089 1412 1091 1420 ‘

242 1510 370 1593 Insuper
392 1509 502 1574 iisdem
525 1509 724 1588 Monialibus,
745 1527 911 1593 earumque
933 1507 1074 1588 novitiis,
1096 1511 1134 1572 ut
1156 1507 1216 1574 sibi
1238 1509 1277 1574 ad
1299 1510 1381 1574 hunc

137 1615 280 1680 effectum
305 1613 533 1679 confessarium
555 1631 778 1697 quemcumque
801 1613 840 1678 ad
865 1611 1058 1694 excipiendas
1070 1611 1241 1680 Monalium
1262 1616 1381 1680 confes·

134 1719 239 1783 sicnes
260 1717 299 1782 ab
324 1717 444 1782 actuali
461 1715 624 1782 Ordinatio
647 1717 716 1795 loci,
740 1716 850 1800 inquo
872 1734 979 1781 aarum
1003 1717 1191 1782 monasteria
1212 1720 1286 1784 sunt
1309 1737 1381 1785 con-

136 1822 266 1901 stituta,
290 1821 510 1903 approbatum3
540 1821 670 1885 caeteris
697 1821 802 1885 autern
828 1820 968 1886 omnibus
996 1823 1029 1884 ct
1055 1819 1187 1904 singulis
1216 1822 1380 1906 utriusque

136 1944 225 1990 sexus
248 1922 509 1989 Christifidelibus
542 1926 607 1990 tam
638 1924 727 1990 laicis
754 1943 847 2008 quam
868 1924 1086 1990 ecclesiasticis
1108 1925 1328 2005 saecularibus,
1349 1928 1382 1992 et
1438 1993 1445 2006 Ι

137 2027 274 2112 cujusvis
295 2027 421 2105 ordinis,
446 2027 693 2113 congregationis
715 2029 749 2093 et
777 2028 916 2093 instituti
945 2027 1038 2092 etiam
1071 2028 1247 2111 specialiter
1278 2031 1379 2096 nomi·
1459 2099 1460 2102 ,
1512 2073 1519 2086 ·

136 2131 231 2196 nandi
255 2131 450 2214 regularibus
473 2131 632 2196 licentiam
656 2118 851 2197 concedimus
882 2133 914 2196 et
944 2132 1147 2211 facultatem,
1181 2134 1217 2197 ut
1249 2133 1308 2198 sibi
1340 2134 1379 2198 ad

135 2235 277 2300 eumdem
300 2234 444 2316 effectum
467 2234 582 2319 eligere
613 2235 733 2318 possint
754 2255 977 2320 quemcumque
1005 2235 1226 2321 Presbyterum
1250 2235 1378 2302 Confes—
1427 2257 1435 2260 ·

135 2325 249 2403 sarium
272 2339 338 2402 tam
360 2339 561 2418 saecularem,
584 2359 677 2424 quam
700 2339 836 2424 cujusvis
859 2340 954 2406 etiam
977 2341 1092 2407 diversi
1122 2341 1237 2406 ordinis
1268 2344 1299 2406 et
1330 2343 1397 2407 in-'

136 2441 241 2506 stituti
261 2442 436 2526 regularem
457 2444 494 2510 ab
518 2444 694 2526 actualibus
716 2439 833 2528 pluriter
856 2442 1047 2523 Ordinariis,
1077 2444 1109 2510 in
1140 2464 1269 2528 quorum
1303 2441 1398 2511 civi-'

136 2545 264 2625 tatibus,
285 2546 473 2613 dioecesibus
497 2548 529 2627 et
551 2548 717 2614 territoriis
740 2549 944 2614 confessiones
966 2549 1145 2633 hujusmodi
1168 2550 1378 2633 excipiendiae

136 2650 237 2726 erunt,
259 2650 297 2713 ad
308 2670 508 2734 personarum
531 2653 737 2723 saecularium
750 2653 953 2718 contessiones
975 2652 1144 2719 audiendas
1157 2639 1379 2737 approbatum

136 2753 189 2835 qui
209 2753 290 2818 intra
319 2755 436 2838 pictum
452 2756 540 2820 anni
566 2756 702 2838 spatium
731 2757 803 2820 illas
822 2752 858 2821 ¹et
884 2757 974 2836 illos,
1005 2758 1059 2840 qui
1086 2757 1204 2822 scilicet
1234 2744 1406 2841 praesens

134 2856 311 2922 Jubilacum
334 2861 477 2942 consequi
494 2861 615 2948 sincere
638 2862 670 2927 et
700 2862 779 2926 serio
803 2861 983 2941 statuerint,
1017 2862 1110 2944 atque
1139 2859 1175 2926 dx
1195 2861 1253 2926 hcc
1276 2863 1377 2947 animo

39 2961 42 2966 '
133 2961 234 3043 ipsum
256 2961 414 3043 lucrandi,
436 2965 468 3029 et
490 2963 608 3048 reliqua
628 2983 720 3050 opera
741 2965 781 3029 ad
805 2964 837 3036 id
857 2965 1042 3030 lucrandum
1072 2965 1246 3032 necessaria
1274 2965 1377 3032 adim-

132 3064 237 3148 plendi
258 3067 298 3131 ad
321 3068 540 3145 contessionem
563 3070 645 3152 apud
665 3069 746 3152 ipsos
768 3069 978 3154 peragendam
1000 3069 1159 3150 accedant,
1183 3069 1319 3136 bacvica
1343 3073 1377 3137 et

79 3156 82 3162 ¹
134 3168 248 3234 infero
268 3171 472 3257 conscientiae
495 3173 656 3239 dumtaxat
679 3174 716 3239 ab
741 3173 1083 3254 excommunicationis,
1114 3175 1323 3258 suspensionis
1345 3176 1378 3242 εὴ
1446 3259 1451 3263 ,

62 3309 64 3313 v
134 3271 446 3341 aliisEcclesiasticis
464 3277 637 3356 sententiis,
662 3278 694 3343 et
717 3277 853 3342 censuris
876 3296 894 3342 a
913 3277 982 3362 jure
999 3278 1056 3343 ‘vel
1078 3278 1116 3342 ab
1130 3277 1252 3344 bomine
1267 3267 1377 3363 quam-

133 3376 180 3442 vis
203 3375 241 3442 de
265 3397 358 3444 causa
380 3379 454 3446 latis
476 3400 529 3447 seu
550 3381 698 3461 inflictis,
733 3382 829 3446 etiarn
861 3380 1033 3457 Ordinariis
1063 3381 1201 3447 locorum
1225 3385 1258 3448 et
1280 3383 1378 3448 Nobis

130 3499 189 3570 seu
210 3477 284 3545 Sedi
306 3480 520 3565 Apostolicae,
536 3485 634 3551 etiam
654 3487 687 3551 in
711 3485 833 3552 casibus
856 3485 1054 3568 cuicumque,
1083 3504 1118 3551 ac
1142 3485 1268 3552 Summo
1290 3489 1376 3552 Pon·

133 3583 221 3662 bilici,
243 3585 275 3650 et
296 3583 368 3651 Sedi
390 3588 585 3672 spostolicae
608 3591 734 3674 speciali
756 3590 832 3656 licet
851 3581 951 3656 forma
971 3587 1147 3669 reservatis,
1172 3592 1203 3656 et
1222 3577 1394 3675 qui-alias

133 3687 165 3752 in
189 3689 381 3756 concessione
403 3693 612 3774 quamtumvis
638 3695 741 3778 ampla
761 3714 821 3760 non
852 3693 1103 3778 intelligerentur
1136 3695 1291 3773 concessi,
1320 3715 1377 3762 nec

133 3791 256 3861 nonab
276 3793 417 3859 omnibus
439 3798 592 3878 peccatis,
612 3799 645 3864 et
668 3799 840 3864 excessibus
860 3801 1145 3883 quantumcumque
1175 3797 1322 3882 gravibus
1345 3803 1377 3864 et
1430 3793 1434 3802 '

134 3897 330 3976 enormibus,
352 3899 447 3965 etiam
469 3900 580 3968 iisdem
603 3902 790 3982 ordinariis,
822 3922 858 3968 ac
880 3903 978 3968 Nobis
1009 3903 1041 3968 et
1064 3901 1137 3967 Sedi
1169 3901 1374 3986 Apostolicae,

136 4001 172 4063 ut
192 4001 374 4082 praefertur,
397 4003 583 4082 reservatis,
605 4003 746 4089 injuncta
767 4006 842 4089 ipsis
864 4005 1054 4089 poenitentia
1074 4006 1226 4085 salutari,
1242 4005 1375 4089 aliisque

23 4106 27 4110 '
132 4102 257 4186 dejure
278 4105 478 4190 injungendis
497 4107 671 4188 absolvere3
696 4129 753 4175 nac
775 4127 834 4174 non
868 4110 940 4174 vota
972 4128 1183 4193 quaecumque
1212 4110 1307 4174 etiarn
1324 4109 1395 4192 ju·x
1433 4121 1435 4130 ⁴

134 4207 203 4272 rata
222 4227 258 4273 ac
270 4207 343 4275 Sedi
363 4210 560 4294 Apostolicae
576 4214 733 4278 reservata
744 4213 926 4298 (castitatis,
949 4213 1108 4298 religionis
1124 4215 1156 4279 et
1167 4212 1375 4298 obligationis,
1426 4270 1430 4274 ,

133 4329 211 4393 quae
232 4329 251 4376 a
272 4312 364 4378 tertio
388 4316 684 4398 acceptassent,
715 4335 770 4382 seu
788 4316 821 4382 in
856 4301 966 4399 quibus
989 4318 1101 4402 agatur
1125 4316 1162 4382 de
1176 4317 1375 4401 'praeJudicio

132 4413 227 4478 tertii·
243 4433 363 4498 semper
384 4411 528 4502 exceptis,
549 4438 606 4485 nec
627 4440 687 4486 ncn
710 4421 900 4505 poenalibus,
923 4441 1002 4504 quae
1024 4422 1284 4505 praeservativaa
1304 4439 1375 4504 pec-

133 4519 202 4582 cato
224 4521 451 4602 nuncupantur,
475 4523 533 4587 nisi
558 4525 759 4590 commutatio
778 4525 885 4590 futura
905 4525 1058 4592 indicetur
1072 4525 1233 4609 ejusmodi,
1248 4527 1296 4590 ‘ut
1315 4543 1375 4590 non

132 4621 235 4685 minus
258 4641 277 4686 a
299 4626 425 4707 peccato
450 4628 671 4695 committendo
694 4630 856 4710 refraenet,
880 4649 973 4714 quam
993 4629 1077 4714 prior
1098 4630 1162 4695 voti
1185 4629 1329 4715 materia)
1343 4630 1398 4705 in
