3178 4962
184 195 247 271 232„
288 210 378 266 Decr.
399 208 509 280 Gonyr.
531 207 618 263 Cous.
635 208 680 261 25.
702 207 766 264 Jul.
790 213 818 263 el
836 211 866 263 9.
887 207 968 278 Sept.
987 209 1080 264 187⁴:
1100 207 1281 276 eleemosyn.
1300 207 1427 260 missu-r.

184 381 237 465 qui
260 377 414 455 dubitent,
434 377 471 443 ut
492 376 669 460 supradicta
687 377 826 463 quaestio
843 378 909 444 Tuo
930 376 1079 460 Surpreuro
1101 375 1227 442 Judicio
1246 375 1427 454 deliniatur,

185 467 382 533 vehementer
401 462 551 530 desidero.
1117 533 1121 540 ¹
1316 529 1318 538 χ

287 551 375 633 Quod
397 551 424 615 si
441 549 534 633 huJus
555 547 689 634 regionis
707 567 780 614 usus
802 548 987 634 rejiciendus
1001 548 1122 630 luerit,
1142 547 1223 634 quod
1245 548 1295 614 vix
1317 548 1426 626 timeo,

188 637 360 722 supplicare
385 636 493 714 audeo,
516 637 553 702 nt
573 636 651 702 milri
674 635 810 720 gratiose
832 635 1017 702 concedatur
1039 635 1183 711 facultas,
1206 633 1339 720 singulis
1362 636 1427 700 Pa-

187 723 289 790 rochis
310 723 468 790 licentiam
495 721 703 806 impertiendi,
728 721 754 785 si
774 716 883 794 eidem
905 721 1045 821 indigere
1067 721 1249 800 videantur,
1272 721 1428 803 retinendi

185 811 218 876 in
241 810 333 876 dictis
353 809 485 888 casibus,
505 827 584 894 quae
606 807 783 894 legitimum
805 809 1047 896 etyordinanum
1067 807 1240 895 substituto
1267 807 1427 883 Sacerdoti

187 895 404 962 exsolvendum
424 893 612 979 stipendium
634 892 813 961 excedunt«
903 895 931 907 ”
981 897 1016 935 ’-
1165 897 1168 904 “

288 982 476 1067 Huiusmodi
498 981 720 1066 supplicatione
740 982 888 1066 accepta,
922 981 1030 1048 statim
1060 979 1218 1046 decretum
1254 979 1337 1045 edidi
1367 980 1426 1044 sub

186 1069 235 1135 die
258 1071 310 1137 30.
332 1067 446 1135 mensis
466 1067 556 1134 Junii
578 1069 660 1134 1873
685 1067 767 1134 »Per
788 1068 971 1144 Sammoriu
990 1087 1152 1150 precumc
1201 1067 1237 1134 Iu
1268 1059 1427 1132 hodiernis

186 1157 291 1222 autem
311 1154 453 1222 comitiis
473 1153 538 1220 ltu.
561 1151 626 1221 VV.
647 1152 826 1237 proponitur
847 1152 997 1239 quaestio.
1120 1221 1122 1226 ,

290 1240 349 1306 Die
374 1243 426 1308 25.
447 1239 527 1307 Julii
549 1241 641 1306 1874.
666 1238 697 1306 S.
720 1239 928 1325 congregatio
948 1236 1270 1328 Eminentissimorum
1293 1237 1324 1303 S.
1341 1239 1428 1304 lam

188 1326 399 1396 cardinalium
423 1325 553 1394 Consilii
579 1325 753 1398 Tridentini
775 1324 1148 1410 momenmentum
1178 1325 1259 1410 quod
1291 1325 1428 1405 eleemo-

188 1411 482 1493 suaeMissarum,
505 1412 677 1497 dequibus
708 1412 924 1496 inprecibus,
961 1432 1015 1495 pro
1069 1412 1134 1476 arte
1162 1411 1264 1476 locum
1298 1413 1428 1498 teneant

214 1517 349 1586 ongruae
370 1497 572 1577 Parocbialis,
595 1498 716 1564 licitum
740 1517 805 1566 esse
825 1431 1110 1574 caesareensis,
1144 1496 1170 1562 si
1202 1517 1256 1580 per
1278 1517 1311 1562 se
1333 1496 1429 1562 satis·

188 1587 290 1651 iacere
313 1604 374 1650 uon
395 1584 511 1670 possit,
541 1603 575 1650 ea
597 1585 709 1650 Missas
734 1585 825 1651 alteri
845 1583 1005 1651 Sacerdoti
1036 1582 1239 1668 committere,
1271 1583 1430 1650 attributa

190 1672 385 1757 eleemosyna
405 1671 561 1736 ordinaria
580 1671 642 1738 loci
663 1671 727 1736 sive
749 1690 803 1755 pro
826 1671 931 1736 Missis
954 1670 1045 1735 lectis
1067 1669 1132 1736 sive
1154 1670 1299 1738 cantatis.

475 1842 477 1845 .
535 1776 573 1841 P.
596 1774 686 1840 Card.
710 1773 864 1852 Celerini,
884 1775 1074 1842 Praefectus.

439 1862 476 1930 P.
498 1861 755 1945 archiepiscopus
774 1861 967 1940 Sardianus,
985 1859 1186 1930 secretarius.

804 2025 829 2092 1⁸
1121 2052 1122 2055 ,

428 2127 499 2195 (Ans
517 2127 578 2182 dem
595 2129 759 2184 Minchener
778 2025 964 2184 gastoralblat
982 2127 1058 2183 1874ss
1076 2127 1124 2182 Nn.
1144 2127 1197 2196 42.)
1214 2147 1216 2154 ·

294 2214 370 2280 Cum
394 2213 476 2279 circa
498 2213 705 2300 eleemosynas
726 2215 891 2280 Missurum
920 2234 1034 2299 graves·
1053 2213 1203 2298 qrrasdam
1234 2213 1433 2296 quaestiones
1571 2219 1572 2226 ’

195 2303 226 2368 S.
250 2301 321 2366 Sodi
345 2301 518 2384 propositae
540 2301 665 2378 tuerint,
688 2320 741 2366 eas
761 2301 875 2368 SSmus
896 2301 936 2366 D.
958 2301 999 2366 N.
1022 2301 1060 2367 D.
1090 2301 1164 2364 Pius
1196 2299 1301 2364 divina
1329 2300 1432 2384 provi-

194 2388 300 2454 dentia
323 2388 410 2470 Papa
430 2387 485 2453 IX.
508 2387 769 2452 Eminentissimis
804 2405 840 2452 nc
874 2387 1148 2454 Reveremissimis
1181 2387 1248 2453 DD.
1279 2387 1309 2452 S.
1345 2387 1447 2451 Rom.-

193 2473 349 2544 Ecclesiae
373 2471 589 2540 cardinalibus
611 2473 747 2540 Concilio
769 2474 950 2540 Tridentino
969 2473 1200 2556 interpretando
1220 2490 1257 2537 ac
1272 2474 1433 2538 vindican-

193 2562 231 2626 do
250 2559 432 2645 praepositis
452 2559 663 2642 expendendas
687 2579 722 2625 ao
737 2560 931 2626 resolvendas
954 2560 1127 2626 mandavit.
1168 2560 1278 2643 Itaque
1291 2560 1432 2644 injuncto

110 2726 114 2736 Ι
193 2647 252 2712 sibi
274 2646 404 2724 nruneri,
425 2665 462 2710 ea
485 2665 544 2728 qua
566 2664 623 2730 par
645 2646 692 2711 est
715 2645 878 2732 diligentia
907 2649 940 2712 ct
973 2638 1093 2710 consilii
1120 2645 1305 2715 maturitate
1335 2645 1431 2711 iidem

192 2729 437 2800 Eminentirsimi
458 2731 568 2797 Patres
591 2733 770 2798 satisfacere
792 2733 958 2816 cupientes,
982 2731 1179 2816 infrascripta
1212 2728 1307 2798 dubia
1340 2731 1432 2798 desu-

193 2840 247 2904 per
266 2817 442 2885 couciunari
464 2820 636 2886 voluerunt.
666 2841 672 2847 ·
718 2843 729 2862 ·
1178 2889 1181 2897 ,
1472 2900 1478 2907 ι

295 2906 321 2970 Ι.
345 2905 393 2969 An
417 2907 506 2988 turpe
527 2906 760 2972 mercimonium
780 2905 893 2988 sapiat,
915 2905 1045 2988 ideoque
1066 2904 1277 2988 improbanda,
1302 2906 1334 2969 et
1354 2925 1432 2988 poe·-

195 2991 242 3056 nis
266 2991 361 3056 etiam
382 2991 610 3071 ecclesiasticis,
634 2992 661 3058 si
681 3010 756 3078 opus
778 2993 891 3069 tuerit,
922 2990 1088 3057 coercenda
1123 2991 1179 3056 sit.
1198 2992 1236 3056 ab
1271 2991 1431 3073 Episcopis

197 3097 303 3144 eorum
323 3075 566 3159 Bibliopolarum
585 3077 634 3142 vel
655 3079 860 3144 mercatorum
884 3078 996 3162 agendi
1014 3077 1110 3154 ratio,
1129 3077 1182 3160 qui
1205 3077 1355 3143 adhibitis
1376 3097 1432 3161 pu·

198 3162 288 3228 blicis
310 3161 523 3228 imitamentis
546 3163 578 3226 et
600 3164 754 3246 praemiis,
777 3165 827 3228 vel
849 3165 909 3230 alio
932 3183 1123 3247 quocumque
1154 3163 1242 3228 modo
1264 3163 1430 3228 Missarum

197 3250 406 3334 eleemosynas
428 3247 590 3332 colligunt,
611 3251 643 3314 et
664 3249 890 3331 Sacerdotibus,
913 3251 1025 3334 quibus
1045 3269 1097 3314 eas
1123 3249 1322 3316 celebrandas
1346 3269 1431 3316 oom-

198 3335 340 3413 mittunt,
363 3352 423 3400 non
444 3335 607 3418 pecuniam
630 3335 684 3401 sod
706 3337 802 3402 libros
821 3337 936 3402 aliasve
957 3353 1073 3402 merces
1086 3335 1284 3418 rependunt?

297 3421 338 3489 11.
373 3424 425 3486 Au
445 3421 522 3487 haee
557 3422 670 3505 agendi
701 3423 780 3488 ratio
801 3423 869 3490 ideo
896 3422 1088 3490 cohonestari
1118 3423 1242 3502 valeat,
1276 3422 1327 3487 ael
1360 3421 1432 3504 quia

197 3508 282 3574 nulla
304 3509 387 3574 laeta
407 3508 633 3588 imminutione,
655 3510 705 3574 tot
726 3509 841 3575 Missae
864 3509 1083 3575 amcmoratis
1106 3508 1322 3574 collectoribus
1352 3508 1432 3573 cole·

199 3594 335 3661 brandea
359 3591 604 3672 committantur,
625 3596 700 3679 quot
728 3595 866 3662 collectis
897 3595 1095 3680 eleemosynis
1129 3595 1352 3678 respondeant,
1386 3593 1434 3660 vel

199 3680 271 3764 quia
294 3699 349 3763 per
369 3689 436 3746 e'am
455 3681 890 3764 pauperibussmermtibus,
916 3680 1115 3765 eleemosynis
1137 3681 1305 3746 Missurum
1327 3699 1433 3746 caren-

198 3767 283 3832 tibus
306 3765 514 3833 subvenitur?
891 3843 893 3850 Ι

299 3851 355 3916 ΙΙΙ.
379 3853 430 3917 An
456 3852 633 3937 hujusmodi
659 3853 921 3938 eleemosynarum
952 3854 1147 3920 collectiones
1178 3857 1210 3920 et
1242 3853 1432 3936 erogationes

79 3991 84 4000 .
195 3941 272 4004 tunc
293 3937 390 4004 stiam
410 3937 628 4023 improbandae
651 3941 685 4006 et
706 3941 900 4018 coercendae,
922 3943 1089 4024 utsupra,
1121 3942 1184 4006 sint
1209 3941 1247 4004 ab
1261 3939 1433 4023 'Episcopis

195 4023 317 4108 quaudo
341 4022 482 4103 lucrum,
508 4025 590 4110 quod
623 4045 659 4092 ex
690 4027 839 4096 marcium
873 4045 942 4098 curu
974 4026 1175 4112 eleemosynis
1205 4026 1432 4110 permutatione

195 4109 350 4188 hauritur,
371 4116 432 4175 nou
454 4109 486 4175 in
508 4111 664 4196 proprium
694 4112 919 4198 colligentium·
932 4113 1144 4191 commodum,
1175 4113 1229 4178 sed
1260 4112 1291 4178 in
1313 4113 1430 4214 piarum

195 4194 427 4350 ilugltlitgtiouum
457 4197 489 4262 et
519 4197 667 4265 bonorum
702 4216 827 4283 operum
856 4218 946 4264 usum
975 4200 1025 4266 vel
1056 4199 1279 4265 incrementum
1312 4218 1430 4284 rmpen·

217 4305 228 4349 1
265 4303 280 4348 r

298 4367 352 4440 LV.
376 4367 425 4433 An
448 4368 532 4452 turpi
554 4369 750 4436 mercimonio
771 4372 972 4450 concurrant,
994 4371 1136 4454 ideoque:
1153 4371 1348 4455 improbandi
1379 4372 1430 4436 at-

195 4473 256 4540 qua
277 4455 372 4522 etiam
394 4453 563 4533 coercendi,
585 4457 622 4520 ut
644 4474 747 4539 supra,
766 4457 893 4534 sintii,
916 4457 969 4540 qui
991 4461 1135 4542 acceptas
1162 4477 1181 4523 a
1209 4457 1353 4524 fidelibus
1384 4457 1432 4523 vel

195 4538 271 4607 locis
293 4541 354 4626 piis
385 4541 593 4627 eleemosynas
622 4541 787 4610 Missurum
818 4543 948 4610 tradunt
974 4544 1173 4630 Bibliopolis,
1199 4545 1431 4622 mercatoribus,
