3096 4972
702 781 817 862 xxvi
874 824 878 830 ·

6 903 9 912 '
137 895 275 1002 31333
300 915 521 1018 spostolicae
549 917 604 998 ce
631 917 666 1018 2.
694 919 809 999 crau
836 919 926 1001 rora
962 922 1008 1002 aa
1034 921 1239 1005 cosmarus
1263 925 1378 1006 333

498 1041 692 1142 episeopos,
721 1041 919 1145 Episcopus·
939 1047 1005 1150 etc.
1375 1137 1378 1143 ,

238 1179 319 1248 Pius
340 1177 405 1246 PP.
429 1179 495 1244 IX.
540 1180 740 1246 venerabiles
763 1178 911 1261 Fratres,
940 1182 1079 1248 Salutem
1106 1185 1138 1248 31
1167 1184 1377 1266 Apostolioam

135 1285 398 1352 Benedictionem.
445 1283 600 1350 Mirabilis
628 1285 684 1349 illa
708 1286 997 1370 constantinense
1027 1287 1262 1371 proceritatis,
1282 1289 1377 1372 justi·

135 1390 199 1456 tiae
220 1407 437 1472 sacrorumque
456 1389 571 1472 jurium
605 1391 773 1467 assertione
805 1393 836 1456 et
866 1392 1051 1482 tutela'neo
1080 1391 1377 1476 1333333313333

136 1495 270 1573 tentum,
292 1513 350 1559 nec
369 1511 474 1564 eorum
499 1493 610 1573 minua,
634 1514 689 1558 neo
713 1496 860 1562 bonorum
883 1496 1047 1578 jacturam,
1072 1495 1207 1576 exilium,
1230 1514 1377 1576 carceres,

50 1629 53 1636 ¹
135 1599 285 1676 mortem,
321 1597 414 1662 sicuti
437 1616 491 1680 per
517 1598 618 1680 priora
642 1599 766 1663 saecula
790 1597 908 1677 Christi
931 1600 1100 1666 Ecclesiam
1120 1599 1310 1678 illustravit,
1333 1600 1378 1665 sie

135 1703 243 1786 postea
266 1695 385 1784 semper
409 1702 559 1769 adornare
581 1704 732 1786 perroxit;
755 1705 860 1787 aperte
882 1699 1004 1782 docens,
1028 1705 1061 1770 in
1084 1723 1121 1769 sa
1134 1688 1199 1770 rola
1221 1703 1377 1787 splendes·

134 1825 327 1874 curaveram
350 1806 438 1872 illam
462 1808 494 1871 et
512 1807 644 1872 nobilem
666 1807 862 1887 libertatem,
896 1827 975 1892 quae
1000 1808 1086 1874 inani
1105 1807 1232 1890 quidem
1255 1808 1377 1874 nomine

133 1911 243 1976 reboat
262 1911 385 1994 ubique,
407 1911 460 1976 sed
483 1930 516 1976 re
539 1911 606 1994 ipsa
627 1911 740 1976 nullibi
763 1912 900 1996 apparet.
945 1913 1035 1977 Hane
1061 1913 1144 1978 certe
1167 1912 1298 1996 gloriam
1318 1912 1376 1978 lte·

135 2015 249 2084 3133133
271 2033 325 2080 vos
349 2015 564 2094 oonti‘nuastis,
587 2015 788 2082 Venerabiles
807 2017 950 2096 maeres,
973 2017 1046 2082 dum
1070 2035 1254 2100 germanum
1288 2016 1377 2082 Vati·

132 2121 205 2185 cani
226 2119 357 2186 Concilii
380 2120 593 2185 definitionum
616 2139 782 2186 sensuma
814 2121 942 2206 vulgata
972 2121 1105 2204 quedam
1135 2121 1279 2186 circulari
1310 2121 1376 2204 epi·
1412 2199 1417 2216 .

132 2225 210 2289 stola
236 2225 375 2308 captiose
394 2225 653 2290 commentatione
674 2224 828 2290 detortum
859 2221 1085 2289 restituendum
1113 2223 1305 2306 suscepistis,
1337 2243 1374 2288 ne

133 2327 239 2394 fideles
263 2329 428 2411 deciperet,
451 2330 493 2403 et,
516 2327 551 2422 in
571 2327 720 2398 invidiam
746 2337 919 2407 conversus,
939 2328 1205 2412 aurampraeberc
1218 2327 1375 2392 videretur

133 2432 415 2510 machinationibus
438 2431 617 2515 objiciendis
640 2431 780 2500 libertati
802 2431 963 2504 electionis
982 2431 1051 2506 novi
1077 2431 1246 2504 Pontifieis.
1277 2425 1373 2516 Egui-

133 2536 205 2604 dcm
223 2556 259 2601 ea
282 2540 330 2607 est
351 2536 555 2620 perspicuitas
579 2538 611 2604 31
625 2536 767 2606 soliditas
779 2537 1007 2610 enormioris
1020 2539 1151 2615 vestrae,
1174 2537 1226 2617 (cf.
1248 2536 1389 2604 Aratio.
1456 2581 1466 2592 .

130 2645 204 2708 tom.
227 2643 281 2706 33,
297 2660 325 2724 p.
346 2641 410 2704 344
434 2645 515 2722 sqq.)
536 2640 582 2718 ut,
606 2658 676 2705 cum
698 2639 776 2704 nihil
796 2639 1032 2706 desiderandum
1056 2640 1221 2724 relinquet,
1244 2640 1371 2724 amplis·

130 2747 217 2812 simis
237 2747 361 2810 tantum
383 2743 647 2828 gratulationibus
662 2743 791 2808 Nostris
808 2743 997 2809 occasionem
1019 2743 1215 2827 suppeditare
1227 2743 1369 2821 deberem

130 2850 189 2913 nisi
216 2843 342 2932 gnavius
366 2848 460 2912 etiarn
480 2846 694 2913 testimonium
716 2848 891 2930 exposceret
919 2846 1053 2912 aNobis
1083 2847 1208 2912 versuta
1237 2865 1371 2929 quarun-

130 2952 200 3019 dam
224 2951 455 3035 epbcmeridum
477 2970 544 3030 vox,
567 2970 656 3035 quae,
679 2951 719 3017 ad
739 2950 964 3018 restituendam
987 2950 1178 3016 refutataea
1200 2951 1286 3015 vobis
1307 2951 1377 3034 epi:

130 3057 227 3122 stolae
249 3057 322 3136 vim,
347 3057 458 3121 conata
481 3057 529 3121 est
540 3056 749 3138 lucubrationi
772 3057 893 3121 vestrae
915 3054 1007 3120 fidem
1021 3053 1178 3139 derogare,
1201 3055 1369 3133 suadendo,
1501 3059 1504 3066 '

131 3141 311 3239 emollitam,
335 3162 367 3226 et
390 3155 518 3226 minime
540 3162 702 3244 propterea
720 3160 955 3243 respondentem
977 3155 1110 3244 bujusee'
1128 3157 1215 3224 Sedis
1237 3159 1370 3242 Aposto-

129 3263 208 3330 lioae
230 3265 327 3330 menti
350 3265 545 3348 probatamu
567 3265 654 3334 vobis
673 3265 771 3329 fuisse
794 3263 1004 3356 consiliarium
1018 3262 1230 3328 definitionum
1254 3263 1369 3329 doetri-

130 3387 211 3433 uem.
255 3369 319 3432 Nos
341 3369 447 3452 itaque
470 3369 589 3434 vairam
623 3365 703 3434 hanc
739 3370 771 3432 31
808 3367 1028 3432 calumniosam
1060 3367 1298 3432 insinuationem
1334 3386 1370 3433 ao
1427 3403 1429 3410 ·

130 3473 360 3556 suggestionem
382 3470 557 3563 rejicimus3
589 3491 658 3537 cunr
682 3471 852 3542 declaratio
882 3469 985 3536 vestra
1016 3471 1153 3536 nativam
1182 3457 1296 3536 referat
1319 3490 1371 3536 ca-

129 3573 289 3652 tholicam,
308 3593 344 3639 ac
366 3577 528 3659 propterea
550 3574 636 3641 Sacri
660 3574 791 3642 Consilii
809 3577 841 3641 31
866 3574 958 3658 hujus
979 3573 1111 3640 Sanctae
1130 3572 1218 3639 Sedis
1248 3577 1370 3641 senten·
1487 3622 1491 3630 .

49 3753 53 3764 ,
128 3677 205 3744 tiam
223 3679 394 3768 1333133113
415 3683 448 3746 31
470 3680 722 3746 ineluctabilibus
740 3681 895 3746 rationum
920 3678 1084 3744 momentis
1108 3679 1273 3744 scitissime
1299 3699 1368 3744 mn·

128 3782 225 3847 nitam
249 3785 281 3848 et
301 3783 398 3848 nitide
421 3784 466 3848 sic
490 3785 685 3867 explicatam,
709 3786 746 3849 ut
768 3784 896 3848 honesto
918 3782 1047 3848 cuilibet
1067 3781 1227 3848 ostendere
1256 3784 1368 3864 valeat,

127 3886 205 3951 nibil
226 3905 350 3971 prorsus
379 3905 445 3952 esse
480 3889 514 3952 in
541 3888 693 3972 impetitis
723 3887 970 3965 delinitionibus,
994 3886 1073 3986 guod
1097 3905 1208 3952 novum
1232 3888 1291 3967 sit,
1315 3893 1370 3955 aut
1412 3975 1414 3980 Ι

126 3991 294 4076 quidquam
316 3991 463 4076 immutet
483 3992 516 4057 in
537 3994 694 4058 veteribus
718 3992 934 4072 relationibus,
956 3990 1099 4074 quodque
1126 3992 1287 4073 obtentum
1308 3993 1368 4058 ali·

127 4115 217 4178 quem
240 4097 388 4180 praebere
409 4095 508 4180 possit
530 4097 687 4182 urgendae
706 4095 861 4162 vexationi
881 4094 1038 4160 Ecclesiae
1057 4095 1089 4160 et
1113 4095 1276 4160 moliendis
1298 4097 1368 4161 novi

127 4198 286 4265 Pontificis
308 4200 451 4266 electioni
474 4200 723 4268 difficultatibus.
769 4199 877 4292 Quoad
913 4198 992 4264 banc
1025 4218 1096 4264 vero
1128 4198 1367 4282 prudentissime

127 4323 179 4370 vos
201 4303 312 4400 iecisse
332 4323 502 4404 censemus,
526 4305 610 4385 dum,
635 4305 718 4370 omui
742 4303 965 4387 disceptatione
975 4303 1119 4386 seposita,
1144 4303 1275 4388 disserte
1297 4321 1368 4386 pro·

128 4409 237 4475 testati
260 4407 353 4491 ostis,
377 4408 603 4494 damnantium
626 4429 707 4475 nune
743 4408 889 4487 avobis,
903 4403 1052 4492 quidquid
1074 4406 1289 4490 impedimenti
1312 4410 1366 4474 ob-

124 4513 277 4597 jicisvelit
298 4514 414 4580 liberae
436 4513 554 4599 Capitis
575 4513 733 4580 1133133133
755 4512 917 4590 electioni;
952 4528 989 4576 au
1010 4510 1141 4576 firmiter
1173 4510 1364 4594 declarastis,

134 4617 228 4684 solius
261 4637 365 4686 sacrae
400 4619 598 4687 auctoritatis
631 4637 698 4684 esse
727 4616 880 4703 judicium
908 4617 946 4682 de
969 4616 1118 4682 electione
1150 4617 1210 4680 rite
1233 4620 1366 4700 peracta.

158 4722 252 4770 Archiv
266 4723 306 4771 fdr
322 4722 507 4771 Kirehenreebt.
523 4723 639 4772 xxxin.
1176 4722 1219 4786 30
