<?xml version="1.0" encoding="UTF-8"?>
<!DOCTYPE html PUBLIC "-//W3C//DTD XHTML 1.0 Transitional//EN"
    "http://www.w3.org/TR/xhtml1/DTD/xhtml1-transitional.dtd">
<html xmlns="http://www.w3.org/1999/xhtml" xml:lang="en" lang="en">
 <head>
  <title>
</title>
<meta http-equiv="Content-Type" content="text/html;charset=utf-8" />
  <meta name='ocr-system' content='tesseract 3.04.00' />
  <meta name='ocr-capabilities' content='ocr_page ocr_carea ocr_par ocr_line ocrx_word'/>
</head>
<body>
  <div class='ocr_page' id='page_1' title='image "./archivfrkatholi13unkngoog_0033.png"; bbox 0 0 3150 4978; ppageno 0'>
   <div class='ocr_carea' id='block_1_1' title="bbox 198 282 1452 374">
    <p class='ocr_par' dir='ltr' id='par_1_1' title="bbox 198 282 1452 374">
     <span class='ocr_line' id='line_1_1' title="bbox 198 282 1452 374; baseline 0.003 -20"><span class='ocrx_word' id='word_1_1' title='bbox 198 282 241 350; x_wconf 84' lang='lat'><strong>28</strong></span> <span class='ocrx_word' id='word_1_2' title='bbox 313 298 454 355; x_wconf 81' lang='lat' dir='ltr'><strong>Scbmc&#39;tz.</strong></span> <span class='ocrx_word' id='word_1_3' title='bbox 474 299 540 355; x_wconf 83' lang='lat' dir='ltr'><strong>Dua</strong></span> <span class='ocrx_word' id='word_1_4' title='bbox 549 299 777 356; x_wconf 62' lang='lat' dir='ltr'><strong>Paenitentiam</strong></span> <span class='ocrx_word' id='word_1_5' title='bbox 785 298 960 356; x_wconf 80' lang='lat' dir='ltr'><strong>Romanum</strong></span> <span class='ocrx_word' id='word_1_6' title='bbox 970 303 1028 357; x_wconf 80' lang='lat' dir='ltr'><strong>ortt</strong></span> <span class='ocrx_word' id='word_1_7' title='bbox 1040 301 1452 374; x_wconf 66' lang='lat' dir='ltr'><strong>historischenEtnlettnacy.</strong></span> 
     </span>
    </p>
   </div>
   <div class='ocr_carea' id='block_1_2' title="bbox 170 471 1566 2410">
    <p class='ocr_par' dir='ltr' id='par_1_2' title="bbox 170 471 1566 2410">
     <span class='ocr_line' id='line_1_2' title="bbox 274 471 939 538; baseline 0.002 -2"><span class='ocrx_word' id='word_1_8' title='bbox 274 471 405 538; x_wconf 84' lang='lat' dir='ltr'>XXVII.</span> <span class='ocrx_word' id='word_1_9' title='bbox 430 471 477 536; x_wconf 89' lang='lat' dir='ltr'><strong>Do</strong></span> <span class='ocrx_word' id='word_1_10' title='bbox 500 472 643 537; x_wconf 84' lang='lat' dir='ltr'><strong>aborsum</strong></span> <span class='ocrx_word' id='word_1_11' title='bbox 666 472 844 537; x_wconf 82' lang='lat' dir='ltr'><strong>muliorum.</strong></span> <span class='ocrx_word' id='word_1_12' title='bbox 937 473 939 477; x_wconf 80' lang='grc'><strong>’</strong></span> 
     </span>
     <span class='ocr_line' id='line_1_3' title="bbox 256 575 1378 659; baseline 0.002 -17"><span class='ocrx_word' id='word_1_13' title='bbox 256 577 404 642; x_wconf 88' lang='lat' dir='ltr'>XXVIII.</span> <span class='ocrx_word' id='word_1_14' title='bbox 427 577 475 642; x_wconf 90' lang='lat' dir='ltr'><strong>De</strong></span> <span class='ocrx_word' id='word_1_15' title='bbox 497 595 548 642; x_wconf 87' lang='lat' dir='ltr'><strong>cos</strong></span> <span class='ocrx_word' id='word_1_16' title='bbox 570 575 624 659; x_wconf 89' lang='lat' dir='ltr'><strong>qui</strong></span> <span class='ocrx_word' id='word_1_17' title='bbox 646 594 716 640; x_wconf 91' lang='lat' dir='ltr'><strong>cum</strong></span> <span class='ocrx_word' id='word_1_18' title='bbox 736 576 918 641; x_wconf 84' lang='lat' dir='ltr'><strong>mulieribus</strong></span> <span class='ocrx_word' id='word_1_19' title='bbox 940 577 1004 641; x_wconf 89' lang='lat' dir='ltr'><strong>suis</strong></span> <span class='ocrx_word' id='word_1_20' title='bbox 1026 579 1110 642; x_wconf 85' lang='lat' dir='ltr'><strong>retro</strong></span> <span class='ocrx_word' id='word_1_21' title='bbox 1131 578 1294 646; x_wconf 86' lang='lat' dir='ltr'><strong>fomicant.</strong></span> <span class='ocrx_word' id='word_1_22' title='bbox 1375 603 1378 612; x_wconf 62' lang='lat'><em>¹</em></span> 
     </span>
     <span class='ocr_line' id='line_1_4' title="bbox 237 680 849 746; baseline -0.002 0"><span class='ocrx_word' id='word_1_23' title='bbox 237 681 403 746; x_wconf 88' lang='lat' dir='ltr'>XXVIIII.</span> <span class='ocrx_word' id='word_1_24' title='bbox 428 680 473 745; x_wconf 88' lang='lat' dir='ltr'><strong>De</strong></span> <span class='ocrx_word' id='word_1_25' title='bbox 498 680 626 746; x_wconf 88' lang='lat' dir='ltr'><strong>muliere</strong></span> <span class='ocrx_word' id='word_1_26' title='bbox 647 681 849 745; x_wconf 86' lang='lat' dir='ltr'><strong>menstruata.</strong></span> 
     </span>
     <span class='ocr_line' id='line_1_5' title="bbox 304 782 1065 867; baseline 0 -19"><span class='ocrx_word' id='word_1_27' title='bbox 304 783 404 851; x_wconf 86' lang='lat' dir='ltr'>XXX.</span> <span class='ocrx_word' id='word_1_28' title='bbox 428 785 475 848; x_wconf 93' lang='lat' dir='ltr'><strong>De</strong></span> <span class='ocrx_word' id='word_1_29' title='bbox 498 782 689 849; x_wconf 74' lang='lat' dir='ltr'><strong>continentia</strong></span> <span class='ocrx_word' id='word_1_30' title='bbox 712 784 782 866; x_wconf 89' lang='lat' dir='ltr'><strong>post</strong></span> <span class='ocrx_word' id='word_1_31' title='bbox 804 785 937 867; x_wconf 87' lang='lat' dir='ltr'><strong>partum.</strong></span> <span class='ocrx_word' id='word_1_32' title='bbox 1058 801 1065 807; x_wconf 87' lang='lat'><strong>·</strong></span> 
     </span>
     <span class='ocr_line' id='line_1_6' title="bbox 285 887 817 955; baseline 0.006 -3"><span class='ocrx_word' id='word_1_33' title='bbox 285 887 401 954; x_wconf 91' lang='lat' dir='ltr'>XXXI.</span> <span class='ocrx_word' id='word_1_34' title='bbox 426 888 472 952; x_wconf 85' lang='lat' dir='ltr'><strong>Do</strong></span> <span class='ocrx_word' id='word_1_35' title='bbox 491 888 635 952; x_wconf 79' lang='lat' dir='ltr'><strong>illusIono</strong></span> <span class='ocrx_word' id='word_1_36' title='bbox 657 890 817 955; x_wconf 87' lang='lat' dir='ltr'><strong>nocturna.</strong></span> 
     </span>
     <span class='ocr_line' id='line_1_7' title="bbox 267 991 868 1074; baseline 0.002 -18"><span class='ocrx_word' id='word_1_37' title='bbox 267 991 402 1056; x_wconf 91' lang='lat' dir='ltr'>XXXII.</span> <span class='ocrx_word' id='word_1_38' title='bbox 426 991 472 1055; x_wconf 91' lang='lat' dir='ltr'><strong>Dc</strong></span> <span class='ocrx_word' id='word_1_39' title='bbox 495 991 663 1074; x_wconf 78' lang='lat' dir='ltr'><strong>pollutione</strong></span> <span class='ocrx_word' id='word_1_40' title='bbox 686 992 718 1056; x_wconf 92' lang='lat' dir='ltr'><strong>in</strong></span> <span class='ocrx_word' id='word_1_41' title='bbox 741 992 868 1058; x_wconf 86' lang='lat' dir='ltr'><strong>somnis.</strong></span> 
     </span>
     <span class='ocr_line' id='line_1_8' title="bbox 258 1094 1448 1179; baseline 0.004 -22"><span class='ocrx_word' id='word_1_42' title='bbox 258 1094 406 1161; x_wconf 91' lang='lat' dir='ltr'>XXXIIl.</span> <span class='ocrx_word' id='word_1_43' title='bbox 430 1095 477 1159; x_wconf 91' lang='lat' dir='ltr'><strong>De</strong></span> <span class='ocrx_word' id='word_1_44' title='bbox 496 1095 544 1160; x_wconf 88' lang='lat' dir='ltr'><strong>his</strong></span> <span class='ocrx_word' id='word_1_45' title='bbox 566 1096 619 1179; x_wconf 88' lang='lat' dir='ltr'><strong>qui</strong></span> <span class='ocrx_word' id='word_1_46' title='bbox 644 1115 713 1160; x_wconf 89' lang='lat' dir='ltr'><strong>cum</strong></span> <span class='ocrx_word' id='word_1_47' title='bbox 738 1095 868 1160; x_wconf 83' lang='lat' dir='ltr'><strong>muliero</strong></span> <span class='ocrx_word' id='word_1_48' title='bbox 888 1114 945 1160; x_wconf 86' lang='lat' dir='ltr'><strong>sua</strong></span> <span class='ocrx_word' id='word_1_49' title='bbox 964 1097 1123 1160; x_wconf 87' lang='lat' dir='ltr'><strong>menstruo</strong></span> <span class='ocrx_word' id='word_1_50' title='bbox 1144 1097 1281 1178; x_wconf 88' lang='lat' dir='ltr'><strong>tempore</strong></span> <span class='ocrx_word' id='word_1_51' title='bbox 1303 1095 1448 1162; x_wconf 77' lang='lat' dir='ltr'><strong>coierint.</strong></span> 
     </span>
     <span class='ocr_line' id='line_1_9' title="bbox 241 1197 1013 1266; baseline 0.005 -4"><span class='ocrx_word' id='word_1_52' title='bbox 241 1197 407 1262; x_wconf 88' lang='lat' dir='ltr'>XXXIIII.</span> <span class='ocrx_word' id='word_1_53' title='bbox 430 1199 478 1264; x_wconf 83' lang='lat' dir='ltr'><strong>De</strong></span> <span class='ocrx_word' id='word_1_54' title='bbox 501 1199 664 1264; x_wconf 84' lang='lat' dir='ltr'><strong>dilectione</strong></span> <span class='ocrx_word' id='word_1_55' title='bbox 685 1199 867 1266; x_wconf 84' lang='lat' dir='ltr'><strong>feminarum</strong></span> <span class='ocrx_word' id='word_1_56' title='bbox 888 1199 1013 1266; x_wconf 85' lang='lat' dir='ltr'><strong>inscius.</strong></span> 
     </span>
     <span class='ocr_line' id='line_1_10' title="bbox 274 1301 1255 1394; baseline 0.002 -29"><span class='ocrx_word' id='word_1_57' title='bbox 274 1301 403 1369; x_wconf 87' lang='lat' dir='ltr'>XXXV.</span> <span class='ocrx_word' id='word_1_58' title='bbox 428 1302 473 1367; x_wconf 91' lang='lat' dir='ltr'><strong>De</strong></span> <span class='ocrx_word' id='word_1_59' title='bbox 495 1302 637 1386; x_wconf 87' lang='lat' dir='ltr'><strong>legitimo</strong></span> <span class='ocrx_word' id='word_1_60' title='bbox 660 1303 802 1386; x_wconf 83' lang='lat' dir='ltr'><strong>conjugio</strong></span> <span class='ocrx_word' id='word_1_61' title='bbox 822 1302 904 1385; x_wconf 89' lang='lat' dir='ltr'><strong>quod</strong></span> <span class='ocrx_word' id='word_1_62' title='bbox 924 1321 985 1394; x_wconf 80' lang='lat' dir='ltr'><strong>uon</strong></span> <span class='ocrx_word' id='word_1_63' title='bbox 1007 1301 1082 1366; x_wconf 89' lang='lat' dir='ltr'><strong>licet</strong></span> <span class='ocrx_word' id='word_1_64' title='bbox 1104 1318 1255 1385; x_wconf 83' lang='lat' dir='ltr'><strong>separare.</strong></span> 
     </span>
     <span class='ocr_line' id='line_1_11' title="bbox 257 1404 920 1491; baseline 0.008 -23"><span class='ocrx_word' id='word_1_65' title='bbox 257 1404 402 1472; x_wconf 90' lang='lat' dir='ltr'>XXXVI.</span> <span class='ocrx_word' id='word_1_66' title='bbox 426 1406 472 1471; x_wconf 90' lang='lat' dir='ltr'><strong>Do</strong></span> <span class='ocrx_word' id='word_1_67' title='bbox 496 1407 639 1491; x_wconf 87' lang='lat' dir='ltr'><strong>legitima</strong></span> <span class='ocrx_word' id='word_1_68' title='bbox 660 1425 753 1472; x_wconf 83' lang='lat' dir='ltr'><strong>uxore</strong></span> <span class='ocrx_word' id='word_1_69' title='bbox 776 1407 920 1473; x_wconf 86' lang='lat' dir='ltr'><strong>demisso.</strong></span> 
     </span>
     <span class='ocr_line' id='line_1_12' title="bbox 244 1507 1098 1594; baseline 0.006 -24"><span class='ocrx_word' id='word_1_70' title='bbox 244 1507 403 1575; x_wconf 88' lang='lat' dir='ltr'>XXXVII.</span> <span class='ocrx_word' id='word_1_71' title='bbox 423 1509 471 1575; x_wconf 91' lang='lat' dir='ltr'><strong>De</strong></span> <span class='ocrx_word' id='word_1_72' title='bbox 491 1509 619 1574; x_wconf 90' lang='lat' dir='ltr'><strong>muliere</strong></span> <span class='ocrx_word' id='word_1_73' title='bbox 638 1529 697 1594; x_wconf 89' lang='lat' dir='ltr'><strong>quc</strong></span> <span class='ocrx_word' id='word_1_74' title='bbox 721 1510 821 1574; x_wconf 90' lang='lat' dir='ltr'><strong>virum</strong></span> <span class='ocrx_word' id='word_1_75' title='bbox 842 1528 932 1574; x_wconf 86' lang='lat' dir='ltr'><strong>suum</strong></span> <span class='ocrx_word' id='word_1_76' title='bbox 955 1509 1098 1578; x_wconf 75' lang='lat' dir='ltr'><strong>dimittit.</strong></span> 
     </span>
     <span class='ocr_line' id='line_1_13' title="bbox 226 1611 1298 1696; baseline 0.004 -22"><span class='ocrx_word' id='word_1_77' title='bbox 226 1611 404 1678; x_wconf 92' lang='lat' dir='ltr'>XXXVIII.</span> <span class='ocrx_word' id='word_1_78' title='bbox 425 1613 472 1678; x_wconf 90' lang='lat' dir='ltr'><strong>Dc</strong></span> <span class='ocrx_word' id='word_1_79' title='bbox 495 1613 685 1681; x_wconf 50' lang='lat' dir='ltr'><strong>nruliere‘ob</strong></span> <span class='ocrx_word' id='word_1_80' title='bbox 708 1616 773 1679; x_wconf 89' lang='lat' dir='ltr'><strong>ostc</strong></span> <span class='ocrx_word' id='word_1_81' title='bbox 796 1615 886 1696; x_wconf 85' lang='lat' dir='ltr'><strong>rapta</strong></span> <span class='ocrx_word' id='word_1_82' title='bbox 910 1615 942 1679; x_wconf 89' lang='lat' dir='ltr'><strong>ot</strong></span> <span class='ocrx_word' id='word_1_83' title='bbox 963 1614 1044 1679; x_wconf 88' lang='lat' dir='ltr'><strong>filios</strong></span> <span class='ocrx_word' id='word_1_84' title='bbox 1067 1633 1137 1679; x_wconf 86' lang='lat' dir='ltr'><strong>suos</strong></span> <span class='ocrx_word' id='word_1_85' title='bbox 1160 1612 1298 1696; x_wconf 89' lang='lat' dir='ltr'><strong>projecit.</strong></span> 
     </span>
     <span class='ocr_line' id='line_1_14' title="bbox 211 1715 1175 1782; baseline 0.004 -4"><span class='ocrx_word' id='word_1_86' title='bbox 211 1715 405 1781; x_wconf 89' lang='lat' dir='ltr'>XXXVIIII.</span> <span class='ocrx_word' id='word_1_87' title='bbox 430 1716 475 1781; x_wconf 88' lang='lat' dir='ltr'><strong>Dc</strong></span> <span class='ocrx_word' id='word_1_88' title='bbox 498 1737 589 1782; x_wconf 84' lang='lat' dir='ltr'><strong>uxore</strong></span> <span class='ocrx_word' id='word_1_89' title='bbox 609 1716 648 1782; x_wconf 85' lang='lat' dir='ltr'><strong>ab</strong></span> <span class='ocrx_word' id='word_1_90' title='bbox 671 1719 737 1782; x_wconf 84' lang='lat' dir='ltr'><strong>oste</strong></span> <span class='ocrx_word' id='word_1_91' title='bbox 754 1717 895 1782; x_wconf 84' lang='lat' dir='ltr'><strong>subbato.</strong></span> <span class='ocrx_word' id='word_1_92' title='bbox 1132 1719 1137 1724; x_wconf 86' lang='grc'><em>“</em></span> <span class='ocrx_word' id='word_1_93' title='bbox 1173 1749 1175 1757; x_wconf 91' lang='grc'><strong><em>·</em></strong></span> 
     </span>
     <span class='ocr_line' id='line_1_15' title="bbox 340 1821 901 1888; baseline 0.004 -2"><span class='ocrx_word' id='word_1_94' title='bbox 340 1821 404 1888; x_wconf 87' lang='lat' dir='ltr'><strong>XL.</strong></span> <span class='ocrx_word' id='word_1_95' title='bbox 427 1821 473 1886; x_wconf 89' lang='lat' dir='ltr'><strong>Dc</strong></span> <span class='ocrx_word' id='word_1_96' title='bbox 496 1823 578 1888; x_wconf 90' lang='lat' dir='ltr'><strong>coitu</strong></span> <span class='ocrx_word' id='word_1_97' title='bbox 602 1822 634 1886; x_wconf 94' lang='lat' dir='ltr'><strong>in</strong></span> <span class='ocrx_word' id='word_1_98' title='bbox 657 1821 707 1887; x_wconf 76' lang='lat' dir='ltr'><strong>elic</strong></span> <span class='ocrx_word' id='word_1_99' title='bbox 728 1821 901 1888; x_wconf 85' lang='lat' dir='ltr'><strong>Domiuiec.</strong></span> 
     </span>
     <span class='ocr_line' id='line_1_16' title="bbox 323 1923 904 1992; baseline 0.007 -4"><span class='ocrx_word' id='word_1_100' title='bbox 323 1923 403 1991; x_wconf 90' lang='lat' dir='ltr'>XLI.</span> <span class='ocrx_word' id='word_1_101' title='bbox 427 1925 476 1990; x_wconf 89' lang='lat' dir='ltr'><strong>De</strong></span> <span class='ocrx_word' id='word_1_102' title='bbox 499 1925 583 1990; x_wconf 90' lang='lat' dir='ltr'><strong>coitu</strong></span> <span class='ocrx_word' id='word_1_103' title='bbox 606 1925 724 1990; x_wconf 88' lang='lat' dir='ltr'><strong>duobus</strong></span> <span class='ocrx_word' id='word_1_104' title='bbox 746 1925 904 1992; x_wconf 79' lang='lat' dir='ltr'><strong>fratribus</strong></span> 
     </span>
     <span class='ocr_line' id='line_1_17' title="bbox 307 2026 1564 2114; baseline -0.002 -23"><span class='ocrx_word' id='word_1_105' title='bbox 307 2027 403 2094; x_wconf 87' lang='lat' dir='ltr'>XLII.</span> <span class='ocrx_word' id='word_1_106' title='bbox 427 2028 474 2094; x_wconf 86' lang='lat' dir='ltr'><strong>Do</strong></span> <span class='ocrx_word' id='word_1_107' title='bbox 497 2028 743 2094; x_wconf 75' lang='lat' dir='ltr'><strong>habitationibus</strong></span> <span class='ocrx_word' id='word_1_108' title='bbox 770 2028 956 2093; x_wconf 86' lang='lat' dir='ltr'><strong>feminarum</strong></span> <span class='ocrx_word' id='word_1_109' title='bbox 979 2045 1050 2092; x_wconf 90' lang='lat' dir='ltr'><strong>cum</strong></span> <span class='ocrx_word' id='word_1_110' title='bbox 1072 2028 1147 2110; x_wconf 88' lang='lat' dir='ltr'><strong>pbro</strong></span> <span class='ocrx_word' id='word_1_111' title='bbox 1169 2026 1384 2110; x_wconf 82' lang='lat' dir='ltr'><strong>(presbytero.)</strong></span> <span class='ocrx_word' id='word_1_112' title='bbox 1563 2099 1564 2114; x_wconf 12' lang='grc' dir='ltr'>χ</span> 
     </span>
     <span class='ocr_line' id='line_1_18' title="bbox 291 2123 1190 2216; baseline 0.004 -25"><span class='ocrx_word' id='word_1_113' title='bbox 291 2129 403 2197; x_wconf 91' lang='lat' dir='ltr'>XLIII.</span> <span class='ocrx_word' id='word_1_114' title='bbox 428 2131 474 2196; x_wconf 87' lang='lat' dir='ltr'><strong>Do</strong></span> <span class='ocrx_word' id='word_1_115' title='bbox 498 2131 601 2196; x_wconf 88' lang='lat' dir='ltr'><strong>osculo</strong></span> <span class='ocrx_word' id='word_1_116' title='bbox 624 2131 692 2214; x_wconf 84' lang='lat' dir='ltr'><strong>pbri</strong></span> <span class='ocrx_word' id='word_1_117' title='bbox 716 2131 915 2216; x_wconf 82' lang='lat' dir='ltr'><strong>(presbyteri)</strong></span> <span class='ocrx_word' id='word_1_118' title='bbox 937 2123 1007 2196; x_wconf 89' lang='lat' dir='ltr'><strong>cum</strong></span> <span class='ocrx_word' id='word_1_119' title='bbox 1030 2131 1190 2198; x_wconf 85' lang='lat' dir='ltr'><strong>desiderio.</strong></span> 
     </span>
     <span class='ocr_line' id='line_1_19' title="bbox 170 2219 1565 2308; baseline 0.004 -12"><span class='ocrx_word' id='word_1_120' title='bbox 170 2273 172 2279; x_wconf 81' lang='lat'><em>-</em></span> <span class='ocrx_word' id='word_1_121' title='bbox 273 2233 703 2308; x_wconf 62' lang='lat' dir='ltr'><strong>mmmmmm</strong></span> <span class='ocrx_word' id='word_1_122' title='bbox 1200 2265 1308 2296; x_wconf 39' lang='grc' dir='ltr'><strong>,ι</strong></span> <span class='ocrx_word' id='word_1_123' title='bbox 1564 2219 1565 2254; x_wconf 59' lang='lat'>³</span> 
     </span>
     <span class='ocr_line' id='line_1_20' title="bbox 312 2317 1566 2410; baseline 0.008 -10"><span class='ocrx_word' id='word_1_124' title='bbox 312 2337 405 2404; x_wconf 89' lang='lat' dir='ltr'>XLV.</span> <span class='ocrx_word' id='word_1_125' title='bbox 431 2339 475 2404; x_wconf 89' lang='lat' dir='ltr'><strong>De</strong></span> <span class='ocrx_word' id='word_1_126' title='bbox 496 2339 635 2405; x_wconf 87' lang='lat' dir='ltr'><strong>falsitate</strong></span> <span class='ocrx_word' id='word_1_127' title='bbox 658 2341 822 2404; x_wconf 87' lang='lat' dir='ltr'><strong>commissa</strong></span> <span class='ocrx_word' id='word_1_128' title='bbox 841 2341 896 2404; x_wconf 89' lang='lat' dir='ltr'><strong>aut</strong></span> <span class='ocrx_word' id='word_1_129' title='bbox 918 2357 1073 2404; x_wconf 85' lang='lat' dir='ltr'><strong>consensa.</strong></span> <span class='ocrx_word' id='word_1_130' title='bbox 1565 2317 1566 2410; x_wconf 88' lang='lat' dir='ltr'><strong>l</strong></span> 
     </span>
    </p>
   </div>
   <div class='ocr_carea' id='block_1_3' title="bbox 295 2441 1567 2572">
    <p class='ocr_par' dir='ltr' id='par_1_3' title="bbox 295 2441 1567 2572">
     <span class='ocr_line' id='line_1_21' title="bbox 295 2441 1567 2572; baseline 0.007 -68"><span class='ocrx_word' id='word_1_131' title='bbox 295 2441 404 2508; x_wconf 87' lang='lat' dir='ltr'>XLVI.</span> <span class='ocrx_word' id='word_1_132' title='bbox 429 2442 475 2507; x_wconf 94' lang='lat' dir='ltr'><strong>Do</strong></span> <span class='ocrx_word' id='word_1_133' title='bbox 493 2443 627 2527; x_wconf 89' lang='lat' dir='ltr'><strong>perjurio</strong></span> <span class='ocrx_word' id='word_1_134' title='bbox 647 2443 830 2511; x_wconf 86' lang='lat' dir='ltr'><strong>voluntario.</strong></span> <span class='ocrx_word' id='word_1_135' title='bbox 1508 2501 1513 2514; x_wconf 88' lang='lat'>.</span> <span class='ocrx_word' id='word_1_136' title='bbox 1566 2479 1567 2572; x_wconf 44' lang='lat' dir='ltr'><strong>p</strong></span> 
     </span>
    </p>
   </div>
   <div class='ocr_carea' id='block_1_4' title="bbox 246 2545 1444 4710">
    <p class='ocr_par' dir='ltr' id='par_1_4' title="bbox 246 2545 1444 4710">
     <span class='ocr_line' id='line_1_22' title="bbox 277 2545 772 2631; baseline 0.01 -22"><span class='ocrx_word' id='word_1_137' title='bbox 277 2545 406 2614; x_wconf 89' lang='lat' dir='ltr'>XLVII.</span> <span class='ocrx_word' id='word_1_138' title='bbox 432 2547 478 2612; x_wconf 87' lang='lat' dir='ltr'><strong>De</strong></span> <span class='ocrx_word' id='word_1_139' title='bbox 500 2548 634 2631; x_wconf 87' lang='lat' dir='ltr'><strong>perjurio</strong></span> <span class='ocrx_word' id='word_1_140' title='bbox 656 2547 772 2614; x_wconf 87' lang='lat' dir='ltr'><strong>invitis.</strong></span> 
     </span>
     <span class='ocr_line' id='line_1_23' title="bbox 263 2649 912 2736; baseline 0.008 -23"><span class='ocrx_word' id='word_1_141' title='bbox 263 2649 406 2718; x_wconf 89' lang='lat' dir='ltr'>XLVIII.</span> <span class='ocrx_word' id='word_1_142' title='bbox 433 2651 477 2716; x_wconf 87' lang='lat' dir='ltr'><strong>Do</strong></span> <span class='ocrx_word' id='word_1_143' title='bbox 499 2651 633 2736; x_wconf 88' lang='lat' dir='ltr'><strong>perjurio</strong></span> <span class='ocrx_word' id='word_1_144' title='bbox 653 2670 707 2735; x_wconf 89' lang='lat' dir='ltr'><strong>pro</strong></span> <span class='ocrx_word' id='word_1_145' title='bbox 731 2650 912 2734; x_wconf 81' lang='lat' dir='ltr'><strong>cupiditate.</strong></span> 
     </span>
     <span class='ocr_line' id='line_1_24' title="bbox 246 2753 1110 2840; baseline 0 -23"><span class='ocrx_word' id='word_1_146' title='bbox 246 2753 405 2821; x_wconf 92' lang='lat' dir='ltr'><strong>XLVlIll.</strong></span> <span class='ocrx_word' id='word_1_147' title='bbox 430 2756 475 2820; x_wconf 91' lang='lat' dir='ltr'><strong>Do</strong></span> <span class='ocrx_word' id='word_1_148' title='bbox 496 2756 539 2820; x_wconf 84' lang='lat' dir='ltr'><strong>eie</strong></span> <span class='ocrx_word' id='word_1_149' title='bbox 562 2755 615 2840; x_wconf 88' lang='lat' dir='ltr'><strong>qui</strong></span> <span class='ocrx_word' id='word_1_150' title='bbox 638 2755 715 2822; x_wconf 88' lang='lat' dir='ltr'><strong>alios</strong></span> <span class='ocrx_word' id='word_1_151' title='bbox 736 2756 854 2822; x_wconf 87' lang='lat' dir='ltr'><strong>ducunt</strong></span> <span class='ocrx_word' id='word_1_152' title='bbox 875 2755 907 2819; x_wconf 90' lang='lat' dir='ltr'><strong>in</strong></span> <span class='ocrx_word' id='word_1_153' title='bbox 931 2753 1110 2838; x_wconf 86' lang='lat' dir='ltr'><strong>perjurium.</strong></span> 
     </span>
     <span class='ocr_line' id='line_1_25' title="bbox 369 2852 1444 2936; baseline -0.008 -12"><span class='ocrx_word' id='word_1_154' title='bbox 369 2859 404 2926; x_wconf 92' lang='lat' dir='ltr'><strong>L.</strong></span> <span class='ocrx_word' id='word_1_155' title='bbox 428 2859 475 2924; x_wconf 87' lang='lat' dir='ltr'><strong>Do</strong></span> <span class='ocrx_word' id='word_1_156' title='bbox 497 2861 689 2926; x_wconf 83' lang='lat' dir='ltr'><strong>sacramento</strong></span> <span class='ocrx_word' id='word_1_157' title='bbox 712 2860 744 2924; x_wconf 92' lang='lat' dir='ltr'><strong>in</strong></span> <span class='ocrx_word' id='word_1_158' title='bbox 767 2878 856 2924; x_wconf 88' lang='lat' dir='ltr'><strong>eruco</strong></span> <span class='ocrx_word' id='word_1_159' title='bbox 878 2877 966 2924; x_wconf 87' lang='lat' dir='ltr'><strong>sacra</strong></span> <span class='ocrx_word' id='word_1_160' title='bbox 989 2858 1038 2923; x_wconf 89' lang='lat' dir='ltr'><strong>vol</strong></span> <span class='ocrx_word' id='word_1_161' title='bbox 1061 2857 1094 2920; x_wconf 91' lang='lat' dir='ltr'><strong>iu</strong></span> <span class='ocrx_word' id='word_1_162' title='bbox 1123 2872 1216 2920; x_wconf 88' lang='lat' dir='ltr'><strong>manu</strong></span> <span class='ocrx_word' id='word_1_163' title='bbox 1239 2855 1306 2936; x_wconf 81' lang='lat' dir='ltr'><strong>Epo</strong></span> <span class='ocrx_word' id='word_1_164' title='bbox 1335 2852 1444 2936; x_wconf 50' lang='lat' dir='ltr'><strong>(Episf</strong></span> 
     </span>
     <span class='ocr_line' id='line_1_26' title="bbox 430 2963 1120 3048; baseline -0.006 -18"><span class='ocrx_word' id='word_1_165' title='bbox 430 2964 510 3048; x_wconf 82' lang='lat' dir='ltr'><strong>copi)</strong></span> <span class='ocrx_word' id='word_1_166' title='bbox 533 2963 582 3029; x_wconf 91' lang='lat' dir='ltr'><strong>vel</strong></span> <span class='ocrx_word' id='word_1_167' title='bbox 605 2963 671 3048; x_wconf 90' lang='lat' dir='ltr'><strong>pbri</strong></span> <span class='ocrx_word' id='word_1_168' title='bbox 689 2963 895 3048; x_wconf 83' lang='lat' dir='ltr'><strong>(presbyteri).</strong></span> <span class='ocrx_word' id='word_1_169' title='bbox 1119 2969 1120 2972; x_wconf 76' lang='grc'>’</span> 
     </span>
     <span class='ocr_line' id='line_1_27' title="bbox 355 3065 1134 3150; baseline -0.008 -18"><span class='ocrx_word' id='word_1_170' title='bbox 355 3068 406 3132; x_wconf 88' lang='lat' dir='ltr'><strong>Ll.</strong></span> <span class='ocrx_word' id='word_1_171' title='bbox 430 3068 479 3134; x_wconf 85' lang='lat' dir='ltr'><strong>Dc</strong></span> <span class='ocrx_word' id='word_1_172' title='bbox 500 3068 619 3150; x_wconf 88' lang='lat' dir='ltr'><strong>cupidis</strong></span> <span class='ocrx_word' id='word_1_173' title='bbox 639 3070 671 3134; x_wconf 87' lang='lat' dir='ltr'><strong>ct</strong></span> <span class='ocrx_word' id='word_1_174' title='bbox 692 3067 793 3132; x_wconf 86' lang='lat' dir='ltr'><strong>avaris</strong></span> <span class='ocrx_word' id='word_1_175' title='bbox 815 3067 864 3132; x_wconf 86' lang='lat' dir='ltr'><strong>vel</strong></span> <span class='ocrx_word' id='word_1_176' title='bbox 882 3066 951 3132; x_wconf 91' lang='lat' dir='ltr'><strong>aliis</strong></span> <span class='ocrx_word' id='word_1_177' title='bbox 975 3065 1070 3131; x_wconf 86' lang='lat' dir='ltr'><strong>vitiis.</strong></span> <span class='ocrx_word' id='word_1_178' title='bbox 1132 3119 1134 3126; x_wconf 93' lang='lat'>.</span> 
     </span>
     <span class='ocr_line' id='line_1_28' title="bbox 338 3165 1036 3236; baseline 0 -2"><span class='ocrx_word' id='word_1_179' title='bbox 338 3171 405 3234; x_wconf 91' lang='lat' dir='ltr'><strong>Lll.</strong></span> <span class='ocrx_word' id='word_1_180' title='bbox 431 3171 476 3235; x_wconf 89' lang='lat' dir='ltr'><strong>De</strong></span> <span class='ocrx_word' id='word_1_181' title='bbox 496 3191 590 3236; x_wconf 90' lang='lat' dir='ltr'><strong>usura</strong></span> <span class='ocrx_word' id='word_1_182' title='bbox 612 3169 785 3236; x_wconf 88' lang='lat' dir='ltr'><strong>sacerdotii.</strong></span> <span class='ocrx_word' id='word_1_183' title='bbox 1031 3165 1036 3171; x_wconf 70' lang='grc'><strong>”</strong></span> 
     </span>
     <span class='ocr_line' id='line_1_29' title="bbox 325 3271 1114 3341; baseline -0.003 0"><span class='ocrx_word' id='word_1_184' title='bbox 325 3275 408 3341; x_wconf 88' lang='lat' dir='ltr'><strong>Llll.</strong></span> <span class='ocrx_word' id='word_1_185' title='bbox 432 3276 478 3340; x_wconf 91' lang='lat' dir='ltr'><strong>Do</strong></span> <span class='ocrx_word' id='word_1_186' title='bbox 501 3275 675 3341; x_wconf 87' lang='lat' dir='ltr'><strong>dationibus</strong></span> <span class='ocrx_word' id='word_1_187' title='bbox 696 3274 888 3340; x_wconf 83' lang='lat' dir='ltr'><strong>sacerdotum</strong></span> <span class='ocrx_word' id='word_1_188' title='bbox 912 3273 961 3338; x_wconf 90' lang='lat' dir='ltr'><strong>vel</strong></span> <span class='ocrx_word' id='word_1_189' title='bbox 983 3271 1114 3339; x_wconf 89' lang='lat' dir='ltr'><strong>clericis.</strong></span> 
     </span>
     <span class='ocr_line' id='line_1_30' title="bbox 305 3378 738 3462; baseline 0.012 -21"><span class='ocrx_word' id='word_1_190' title='bbox 305 3378 405 3444; x_wconf 90' lang='lat' dir='ltr'><strong>Lllll.</strong></span> <span class='ocrx_word' id='word_1_191' title='bbox 429 3379 475 3444; x_wconf 90' lang='lat' dir='ltr'><strong>De</strong></span> <span class='ocrx_word' id='word_1_192' title='bbox 498 3379 738 3462; x_wconf 72' lang='lat' dir='ltr'><strong>tusto-capitali.</strong></span> 
     </span>
     <span class='ocr_line' id='line_1_31' title="bbox 348 3481 724 3550; baseline 0.011 -4"><span class='ocrx_word' id='word_1_193' title='bbox 348 3481 413 3548; x_wconf 94' lang='lat' dir='ltr'><strong>LV.</strong></span> <span class='ocrx_word' id='word_1_194' title='bbox 435 3481 482 3548; x_wconf 86' lang='lat' dir='ltr'><strong>De</strong></span> <span class='ocrx_word' id='word_1_195' title='bbox 504 3483 616 3548; x_wconf 88' lang='lat' dir='ltr'><strong>furatis</strong></span> <span class='ocrx_word' id='word_1_196' title='bbox 637 3483 724 3550; x_wconf 87' lang='lat' dir='ltr'><strong>cibis.</strong></span> 
     </span>
     <span class='ocr_line' id='line_1_32' title="bbox 327 3583 948 3676; baseline 0.002 -27"><span class='ocrx_word' id='word_1_197' title='bbox 327 3585 406 3650; x_wconf 92' lang='lat' dir='ltr'>LVI.</span> <span class='ocrx_word' id='word_1_198' title='bbox 431 3585 477 3676; x_wconf 83' lang='lat' dir='ltr'><strong>Do</strong></span> <span class='ocrx_word' id='word_1_199' title='bbox 501 3586 738 3669; x_wconf 86' lang='lat' dir='ltr'><strong>expoliatoribus</strong></span> <span class='ocrx_word' id='word_1_200' title='bbox 761 3583 948 3652; x_wconf 85' lang='lat' dir='ltr'><strong>monosterii.</strong></span> 
     </span>
     <span class='ocr_line' id='line_1_33' title="bbox 311 3688 873 3772; baseline -0.002 -19"><span class='ocrx_word' id='word_1_201' title='bbox 311 3688 406 3754; x_wconf 93' lang='lat' dir='ltr'>LVII.</span> <span class='ocrx_word' id='word_1_202' title='bbox 429 3689 476 3753; x_wconf 89' lang='lat' dir='ltr'><strong>De</strong></span> <span class='ocrx_word' id='word_1_203' title='bbox 499 3689 581 3754; x_wconf 87' lang='lat' dir='ltr'><strong>furto</strong></span> <span class='ocrx_word' id='word_1_204' title='bbox 604 3708 658 3772; x_wconf 90' lang='lat' dir='ltr'><strong>pro</strong></span> <span class='ocrx_word' id='word_1_205' title='bbox 681 3689 873 3754; x_wconf 86' lang='lat' dir='ltr'><strong>necessitate.</strong></span> 
     </span>
     <span class='ocr_line' id='line_1_34' title="bbox 295 3780 1376 3876; baseline -0.002 -20"><span class='ocrx_word' id='word_1_206' title='bbox 295 3794 345 3856; x_wconf 93' lang='lat' dir='ltr'><strong>LV</strong></span> <span class='ocrx_word' id='word_1_207' title='bbox 349 3794 405 3860; x_wconf 92' lang='lat' dir='ltr'><strong>lIl.</strong></span> <span class='ocrx_word' id='word_1_208' title='bbox 432 3794 478 3859; x_wconf 91' lang='lat' dir='ltr'><strong>De</strong></span> <span class='ocrx_word' id='word_1_209' title='bbox 500 3794 591 3859; x_wconf 85' lang='lat' dir='ltr'><strong>rebus</strong></span> <span class='ocrx_word' id='word_1_210' title='bbox 615 3793 724 3860; x_wconf 83' lang='lat' dir='ltr'><strong>alienis</strong></span> <span class='ocrx_word' id='word_1_211' title='bbox 746 3794 862 3859; x_wconf 79' lang='lat' dir='ltr'><strong>invasis</strong></span> <span class='ocrx_word' id='word_1_212' title='bbox 885 3794 941 3858; x_wconf 88' lang='lat' dir='ltr'><strong>ant</strong></span> <span class='ocrx_word' id='word_1_213' title='bbox 965 3812 1019 3876; x_wconf 88' lang='lat' dir='ltr'><strong>por·</strong></span> <span class='ocrx_word' id='word_1_214' title='bbox 1042 3780 1227 3874; x_wconf 80' lang='lat' dir='ltr'><strong>potestatem</strong></span> <span class='ocrx_word' id='word_1_215' title='bbox 1251 3787 1376 3854; x_wconf 81' lang='lat' dir='ltr'><strong>invasis.</strong></span> 
     </span>
     <span class='ocr_line' id='line_1_35' title="bbox 278 3897 873 3981; baseline 0.005 -20"><span class='ocrx_word' id='word_1_216' title='bbox 278 3897 409 3964; x_wconf 89' lang='lat' dir='ltr'><strong>LVIlIl.</strong></span> <span class='ocrx_word' id='word_1_217' title='bbox 433 3898 479 3962; x_wconf 91' lang='lat' dir='ltr'><strong>De</strong></span> <span class='ocrx_word' id='word_1_218' title='bbox 500 3898 683 3981; x_wconf 81' lang='lat' dir='ltr'><strong>captivitato</strong></span> <span class='ocrx_word' id='word_1_219' title='bbox 706 3917 873 3964; x_wconf 88' lang='lat' dir='ltr'><strong>sorvorum.</strong></span> 
     </span>
     <span class='ocr_line' id='line_1_36' title="bbox 344 4001 791 4068; baseline 0.007 -3"><span class='ocrx_word' id='word_1_220' title='bbox 344 4001 405 4067; x_wconf 87' lang='lat' dir='ltr'><strong>LX.</strong></span> <span class='ocrx_word' id='word_1_221' title='bbox 431 4001 478 4066; x_wconf 89' lang='lat' dir='ltr'><strong>Do</strong></span> <span class='ocrx_word' id='word_1_222' title='bbox 501 4002 676 4066; x_wconf 89' lang='lat' dir='ltr'><strong>incendium</strong></span> <span class='ocrx_word' id='word_1_223' title='bbox 699 4001 791 4068; x_wconf 88' lang='lat' dir='ltr'><strong>domi.</strong></span> 
     </span>
     <span class='ocr_line' id='line_1_37' title="bbox 250 4104 919 4197; baseline 0 -27"><span class='ocrx_word' id='word_1_224' title='bbox 250 4125 253 4130; x_wconf 89' lang='lat'><em>·</em></span> <span class='ocrx_word' id='word_1_225' title='bbox 326 4105 406 4172; x_wconf 90' lang='lat' dir='ltr'>LXI.</span> <span class='ocrx_word' id='word_1_226' title='bbox 431 4105 477 4170; x_wconf 87' lang='lat' dir='ltr'><strong>Do</strong></span> <span class='ocrx_word' id='word_1_227' title='bbox 500 4105 632 4189; x_wconf 86' lang='lat' dir='ltr'><strong>sepulcri</strong></span> <span class='ocrx_word' id='word_1_228' title='bbox 654 4104 830 4172; x_wconf 85' lang='lat' dir='ltr'><strong>violatores.</strong></span> <span class='ocrx_word' id='word_1_229' title='bbox 917 4187 919 4197; x_wconf 33' lang='grc' dir='ltr'>Ι</span> 
     </span>
     <span class='ocr_line' id='line_1_38' title="bbox 309 4208 737 4292; baseline 0.002 -20"><span class='ocrx_word' id='word_1_230' title='bbox 309 4208 405 4276; x_wconf 91' lang='lat' dir='ltr'><strong>LXll.</strong></span> <span class='ocrx_word' id='word_1_231' title='bbox 430 4208 477 4274; x_wconf 89' lang='lat' dir='ltr'><strong>De</strong></span> <span class='ocrx_word' id='word_1_232' title='bbox 499 4209 737 4292; x_wconf 83' lang='lat' dir='ltr'><strong>percussoribus.</strong></span> 
     </span>
     <span class='ocr_line' id='line_1_39' title="bbox 288 4311 802 4379; baseline 0.004 -4"><span class='ocrx_word' id='word_1_233' title='bbox 288 4312 403 4378; x_wconf 88' lang='lat' dir='ltr'>LXIII.</span> <span class='ocrx_word' id='word_1_234' title='bbox 428 4314 475 4378; x_wconf 87' lang='lat' dir='ltr'><strong>De</strong></span> <span class='ocrx_word' id='word_1_235' title='bbox 497 4314 634 4379; x_wconf 90' lang='lat' dir='ltr'><strong>membro</strong></span> <span class='ocrx_word' id='word_1_236' title='bbox 657 4311 802 4378; x_wconf 84' lang='lat' dir='ltr'><strong>abscisso.</strong></span> 
     </span>
     <span class='ocr_line' id='line_1_40' title="bbox 275 4405 1058 4500; baseline -0.004 -19"><span class='ocrx_word' id='word_1_237' title='bbox 275 4417 405 4482; x_wconf 91' lang='lat' dir='ltr'><strong>LXlIll.</strong></span> <span class='ocrx_word' id='word_1_238' title='bbox 428 4418 474 4483; x_wconf 94' lang='lat' dir='ltr'><strong>Do</strong></span> <span class='ocrx_word' id='word_1_239' title='bbox 496 4417 554 4496; x_wconf 88' lang='lat' dir='ltr'><strong>his,</strong></span> <span class='ocrx_word' id='word_1_240' title='bbox 575 4417 632 4500; x_wconf 90' lang='lat' dir='ltr'><strong>qni</strong></span> <span class='ocrx_word' id='word_1_241' title='bbox 649 4417 726 4481; x_wconf 88' lang='lat' dir='ltr'><strong>alios</strong></span> <span class='ocrx_word' id='word_1_242' title='bbox 749 4405 889 4499; x_wconf 79' lang='lat' dir='ltr'><strong>proterva</strong></span> <span class='ocrx_word' id='word_1_243' title='bbox 912 4413 1058 4497; x_wconf 86' lang='lat' dir='ltr'><strong>arguunt.</strong></span> 
     </span>
     <span class='ocr_line' id='line_1_41' title="bbox 315 4518 948 4605; baseline -0.002 -21"><span class='ocrx_word' id='word_1_244' title='bbox 315 4521 408 4588; x_wconf 88' lang='lat' dir='ltr'>LXV.</span> <span class='ocrx_word' id='word_1_245' title='bbox 433 4522 479 4586; x_wconf 90' lang='lat' dir='ltr'><strong>De</strong></span> <span class='ocrx_word' id='word_1_246' title='bbox 502 4541 595 4605; x_wconf 89' lang='lat' dir='ltr'><strong>puero</strong></span> <span class='ocrx_word' id='word_1_247' title='bbox 617 4539 758 4604; x_wconf 89' lang='lat' dir='ltr'><strong>oppresso</strong></span> <span class='ocrx_word' id='word_1_248' title='bbox 783 4540 802 4584; x_wconf 88' lang='lat' dir='ltr'><strong>o</strong></span> <span class='ocrx_word' id='word_1_249' title='bbox 823 4518 948 4601; x_wconf 85' lang='lat' dir='ltr'><strong>maj01e.</strong></span> 
     </span>
     <span class='ocr_line' id='line_1_42' title="bbox 300 4615 1039 4710; baseline -0.011 -14"><span class='ocrx_word' id='word_1_250' title='bbox 300 4624 409 4696; x_wconf 78' lang='lat' dir='ltr'>LXVI.</span> <span class='ocrx_word' id='word_1_251' title='bbox 434 4627 479 4692; x_wconf 88' lang='lat' dir='ltr'><strong>Dc</strong></span> <span class='ocrx_word' id='word_1_252' title='bbox 501 4625 603 4710; x_wconf 86' lang='lat' dir='ltr'><strong>pueris</strong></span> <span class='ocrx_word' id='word_1_253' title='bbox 625 4615 805 4691; x_wconf 83' lang='lat' dir='ltr'><strong>seinvicem</strong></span> <span class='ocrx_word' id='word_1_254' title='bbox 825 4624 1039 4707; x_wconf 81' lang='lat' dir='ltr'><strong>percutientes.</strong></span> 
     </span>
    </p>
   </div>
   <div class='ocr_carea' id='block_1_5' title="bbox 0 0 1580 4978">
    <p class='ocr_par' dir='ltr' id='par_1_5' title="bbox 0 0 1580 4978">
     <span class='ocr_line' id='line_1_43' title="bbox 0 0 1580 4978; baseline 0 0"><span class='ocrx_word' id='word_1_255' title='bbox 0 0 1580 4978; x_wconf 95' lang='lat' dir='ltr'><strong> </strong></span> 
     </span>
    </p>
   </div>
  </div>
 </body>
</html>
