3178 4962
1187 1 1252 22 η’”““ἶ“
1285 0 1336 43 ’,Ιώ-
1354 24 1359 37 3
1450 0 1469 12 *⁷
1502 1 1511 4 “

1236 43 1243 58 ι
1304 36 1322 51 ’4
1337 35 1365 59 J,.⁴
1433 46 1434 49 ¹
1452 50 1457 58 .

1298 64 1310 106 Ι.
1351 71 1390 106 v*

180 241 244 305 252
283 257 451 328 Syencrslry.
488 223 671 325 Necessitas,
698 264 734 314 ut
751 261 855 332 erepte
874 261 1017 330 lineorum
1036 261 1148 314 callent
1165 222 1287 328 pastor.

180 430 410 496 cathedralibus
440 431 577 498 ecclesiis
607 431 851 516 quibuscumque
881 451 1073 516 quocumque
1102 431 1225 497 nornine
1259 433 1291 496 et
1327 431 1424 497 titulo

157 551 158 554 ’
179 536 359 618 praefectos.

282 639 324 706 Il.
349 638 471 706 (iuratis
494 639 701 718 inferioribus,
723 642 756 706 et
779 639 849 706 aliis
872 637 1132 724 quibuscumque,
1164 641 1217 723 qui
1238 639 1425 731 beneficium

21 745 22 748 ’
51 753 54 760 “
109 763 111 765 ·
179 745 305 828 aliquod
327 743 571 810 ecclesiasticum
593 763 698 814 curam
722 743 894 808 animarum
914 743 1041 822 habeus,
1067 745 1219 812 obtinent.

246 930 251 934 ἢ
283 850 378 914 Porro
400 847 486 914 hisce
508 847 608 912 verbis
638 847 686 912 illi
708 849 832 912 tanturn
856 829 1175 930 comprelieuduntur,
1211 849 1265 932 qui
1294 847 1334 912 od
1357 849 1425 930 pri·

179 952 583 1036 mum,supraindioatun1
617 953 755 1018 ordinem
788 951 965 1034 pertinent,
1001 953 1033 1018 et
1055 951 1245 1036 aequalitate
1279 951 1423 1028 rationis,

20 1139 22 1144 Ι
180 1057 274 1121 etiarn
295 1057 352 1136 illi,
377 1057 429 1139 qui
453 1055 491 1120 ad
507 1056 644 1122 'alterum
665 1057 808 1140 spectant
844 1055 992 1120 ordinem.
1039 1057 1099 1140 Qui
1134 1043 1215 1122 eninr
1250 1057 1282 1120 iu
1317 1055 1424 1120 locum

83 1199 86 1204 -
121 1147 127 1160 ³
180 1161 309 1225 alterius
334 1159 467 1243 ponitur,
490 1161 526 1225 ut
547 1177 708 1243 personam
739 1161 965 1244 repraesentet,
993 1162 1025 1225 ot
1047 1160 1150 1225 omnia
1174 1159 1312 1244 ejusdem
1336 1179 1423 1224 exer·

53 1291 54 1296 ¹
181 1267 249 1329 ceat
271 1263 382 1343 officia,
406 1282 460 1346 pro
482 1283 543 1332 uua
566 1263 734 1348 eademque
754 1283 885 1348 persona
900 1263 1042 1330 habetur.
1088 1264 1191 1330 Ceteri
1217 1319 1223 1330 .
1249 1315 1257 1330 .
1281 1283 1341 1328 non
1363 1264 1422 1353 lra—

77 1428 79 1432 .
181 1369 255 1434 bont
276 1387 346 1434 oves
362 1369 543 1450 propriae,
577 1368 703 1451 proinde
726 1369 782 1433 sub
806 1367 861 1433 illa
893 1371 961 1452 lege
995 1388 1056 1433 non
1087 1368 1418 1451 comprehenduntur<

284 1473 331 1536 Eu
355 1491 452 1556 ergo:¹
466 1471 517 1537 llli
541 1472 594 1556 qui
614 1472 795 1536 beneficium
808 1471 932 1556 aliquod
943 1473 1059 1538 habeut
1082 1493 1152 1538 cum
1170 1492 1230 1558 quo
1250 1455 1366 1538 directe
1390 1473 1424 1537 et

181 1575 392 1658 principaliter
415 1595 489 1640 orna
521 1571 936 1655 animarum‘connoctitur,
960 1578 996 1640 ut
1020 1577 1094 1641 suunt
1122 1576 1265 1660 Episcopi
1293 1578 1329 1642 et
1358 1577 1422 1640 Pa·

182 1680 285 1758 roclri,
307 1699 498 1763 quocumque
524 1680 671 1745 vocentur
692 1678 828 1756 nomine,
845 1681 922 1762 jare
944 1680 1051 1766 diolco
1074 1681 1219 1744 tenentur
1249 1699 1318 1744 eccs
1341 1701 1419 1744 sans

72 1796 74 1800 ’
180 1804 365 1866 opposuere,
400 1784 514 1849 modom
544 1783 669 1849 emtam
698 1784 749 1848 cet
774 1783 966 1866 praedicare
996 1789 1024 1849 oi
1053 1788 1250 1850 sacrameto
1281 1783 1420 1848 admiea‘·

179 1893 292 1952 strare.
337 1888 398 1952 Ast
416 1887 469 1972 qui
484 1889 554 1972 jure
577 1887 680 1954 divino
704 1888 827 1952 tenetur
850 1887 888 1952 ad
912 1887 1026 1965 finem,
1060 1887 1168 1953 eodem
1199 1887 1267 1971 jure
1282 1889 1421 1952 tenetur

182 1991 222 2054 ad
243 1984 453 2056 adhibendum
476 1993 582 2076 aptum
607 1991 752 2058 modium.
798 1991 914 2074 Aptrun
949 1991 1084 2056 medium
1113 1992 1152 2056 ad
1180 1991 1419 2074 praedicandum

55 2137 56 2140 κ
184 2095 310 2159 verbum
335 2095 394 2160 Dei
413 2115 448 2161 er
471 2099 574 2162 mente
599 2096 735 2180 ejusdem
757 2113 798 2162 ss,
826 2095 941 2180 Synodi
967 2081 1167 2161 Tridentinae
1194 2114 1267 2161 sess.
1296 2095 1418 2174 XXIV.

183 2217 248 2280 cap.
274 2199 303 2264 7.
322 2198 363 2284 dc
383 2197 600 2267 reformatione
623 2201 691 2266 coll.
715 2219 789 2266 sess.
813 2199 916 2266 XXII.
941 2219 1006 2285 cap.
1032 2203 1061 2266 8.
1092 2200 1129 2266 de
1157 2201 1279 2278 reform.
1310 2237 1354 2246 -
1384 2199 1420 2263 ut

45 2357 47 2366 .
80 2303 82 2310 ’
181 2322 250 2366 mox
274 2301 455 2378 videbimus,
479 2305 526 2368 cst
560 2321 633 2368 usus
668 2304 794 2387 dioeces
825 2305 1021 2369 vernaculae.
1067 2299 1169 2389 Hujus
1204 2324 1276 2388 ergo
1301 2303 1420 2386 ¹peritia

102 2409 105 2414 “
180 2406 233 2488 qui
257 2407 350 2484 caret,
370 2405 517 2470 inhabilis
540 2409 588 2472 est
609 2407 647 2471 ad
669 2407 851 2490 explendum
871 2407 1006 2497 officium
1031 2427 1100 2474 cum
1124 2407 1291 2474 nominatis
1325 2409 1417 2472 bene·

180 2509 260 2574 ficiis
276 2511 352 2593 jare
373 2510 478 2577 daciae
501 2528 676 2591 connexum,
699 2530 770 2598 crgo
793 2510 899 2576 eodem
930 2511 999 2595 jure
1022 2512 1173 2578 fetet-ilis
1203 2511 1242 2576 ad
1265 2510 1296 2574 id
1322 2529 1418 2602 genus

181 2613 365 2679 beneficium
388 2613 600 2680 obtinendum.
648 2655 649 2658 =
1205 2663 1207 2669 ι

282 2717 364 2782 Hinc
386 2737 439 2800 per
467 2718 619 2803 Regulam
637 2717 845 2784 Oancollariae
866 2717 935 2784 XX.
966 2719 1035 2802 jure
1055 2718 1224 2802 meritoque
1255 2717 1413 2798 statuitur,

54 2841 61 2848 “
115 2885 118 2888 .
179 2825 224 2901 ut,
248 2824 275 2888 si
295 2823 487 2889 Perochialis
510 2823 650 2914 Ecclesia
672 2823 720 2889 uel
751 2823 878 2915 quodvis
912 2822 996 2887 aliud
1019 2822 1203 2888 beneficium
1237 2822 1417 2888 exercitium

32 2921 39 2930 ⁸
85 3005 86 3008 Ἴ
180 2947 270 2994 curae
290 2928 462 2994 animarum
483 2929 599 2994 habeus
619 2927 708 3011 quod,
732 2931 769 2992 nt
789 2927 942 3006 vidimus,
964 2925 1160 3019 potissimum
1183 2927 1220 2992 de
1240 2927 1417 3007 Episcopo·

180 3033 261 3097 fo'bas
281 3031 375 3111 valet,
399 3032 492 3096 alicui
514 3031 666 3096 Personae
686 3031 853 3110 confertur,
881 3050 958 3115 qnae
981 3050 1040 3106 non
1060 3031 1212 3115 intelligit
1239 3033 1270 3096 et
1301 3029 1418 3101 intelli,-

18 3135 318 3219 mgibiliter
341 3134 425 3222 loqui
447 3136 508 3199 soit
527 3135 648 3200 idiernc
678 3136 756 3214 loci,
784 3134 857 3200 talis
881 3133 1028 3214 collatio,
1063 3135 1128 3201 sive
1162 3134 1228 3220 jam
1259 3134 1289 3198 in
1326 3131 1419 3198 Curia

179 3238 245 3316 fiat,
263 3238 333 3330 *sire
350 3239 436 3309 extra
457 3237 596 3318 eandem,
620 3239 711 3304 oculte
733 3242 775 3303 sit
796 3245 830 3304 ct
845 3240 951 3305 irrita.
1018 3284 1022 3298 .

306 3340 397 3406 Olera
419 3341 589 3416 sunthaec
608 3344 738 3409 certost
760 3343 930 3426 perspicua.
976 3343 1019 3408 Ut
1040 3361 1111 3407 vero
1134 3342 1232 3406 satius
1255 3338 1417 3424 adhucpa·

180 3447 311 3524 tescant,
334 3445 549 3530 subjungimus
569 3446 822 3538 commentarium
842 3445 1053 3529 saepelaudeti
1077 3444 1217 3530 Rigautii
1242 3446 1282 3510 ad
1305 3447 1419 3510 hancce

179 3551 329 3634 regulam,
353 3550 399 3615 ita
418 3552 533 3629 tamen,
558 3551 595 3615 ut
616 3550 705 3633 plura
725 3551 787 3616 alia
807 3549 1000 3634 adjiciamus,
1021 3553 1053 3616 ot
1076 3551 1174 3615 totam
1199 3551 1415 3634 expositionem

61 3737 62 3740 Ἴ
155 3660 157 3662 ’
179 3655 212 3719 in
234 3655 293 3718 duo
316 3657 432 3740 puncta
454 3654 696 3732 subdividamus,
717 3655 749 3718 in
771 3673 900 3736 quorum
931 3655 1026 3738 priori
1048 3654 1085 3718 de
1099 3655 1283 3736 parochiis,
1306 3655 1339 3718 in
1359 3650 1413 3737 poss

129 3781 133 3793 ¹
182 3759 302 3824 steriori
326 3760 364 3824 de
385 3759 614 3842 episcopatibus
635 3757 850 3840 tractabimuq.

35 3927 49 3958 ⁸
181 3947 210 4016 I.
246 3947 283 4016 si
318 3945 495 4014 Parcchia
522 3946 707 4014 confertur
739 3945 875 4014 Clerico
887 3991 898 4028 ‚
929 3946 990 4027 qui
1021 3945 1122 4010 rudis
1154 3946 1208 4011 est
1237 3945 1418 4012 vernaculi

241 4132 243 4136 ,
293 4052 412 4118 cuium
436 4051 621 4134 sermome,
644 4050 731 4116 talis
754 4051 900 4116 collatio
922 4049 1025 4118 nulla
1049 4050 1102 4115 est
1128 4050 1165 4115 et
1186 4049 1304 4118 irrita.
1363 4121 1366 4129 ,

181 4235 182 4238 ,
284 4175 334 4240 Ita
356 4174 508 4260 siquidem
532 4194 672 4259 expresse
695 4175 868 4258 disponitur
894 4175 927 4239 in
950 4175 1071 4259 Regula
1105 4173 1315 4240 Cancellarieo
1349 4173 1417 4240 XX.

179 4281 233 4346 ubi
256 4280 348 4346 claris
372 4281 402 4344 et
425 4281 543 4363 apertis
568 4280 668 4346 verbis
691 4280 890 4359 enuntiatur,
915 4280 995 4364 quod
1018 4279 1044 4344 si
1067 4280 1228 4364 contingat
1249 4271 1419 4344 Ecclesiam

179 4385 395 4469 parochialem,
418 4403 473 4449 seu
493 4384 578 4449 aliud
599 4385 781 4450 beneficium
820 4387 960 4450 curatum
984 4384 1115 4450 conferri
1139 4384 1249 4463 alicui,
1277 4383 1331 4466 qui
1362 4402 1419 4448 uon

180 4490 337 4574 intelligat
360 4491 392 4555 et
414 4490 560 4572 loquatur
581 4479 697 4553 idioma
718 4488 803 4553 illius
831 4489 913 4569 loci,
946 4489 978 4553 in
1013 4508 1073 4572 quo
1106 4491 1191 4554 artat
1225 4485 1449 4565 beneficium·
1476 4499 1480 4504 ·

180 4594 312 4677 provisio
336 4592 514 4678 hujusmodi
538 4591 579 4658 sit
600 4589 687 4656 uulla
710 4592 742 4657 et
763 4591 863 4658 irrita.
