3120 4956
240 295 292 350 Pit
310 293 370 349 PP.
389 293 442 349 IX.
460 291 627 361 Encycla'ca
646 293 675 346 d.
694 292 740 346 25.
760 290 847 356 Febr.
867 289 944 344 1875
965 291 1007 344 od
1026 292 1118 358 episc.
1137 290 1266 346 Boreae.
1318 241 1389 340 375Ν

134 469 283 554 purgatos
303 485 354 532 eos
377 482 566 538 censeamus,
589 463 643 547 qui
666 463 790 547 propter
812 462 931 527 metum
956 461 1133 528 bominibus
1160 463 1284 530 obedire
1314 437 1381 530 ma-

133 572 277 649 luerunt,
308 591 400 655 quam
421 569 506 636 Deo:
539 569 699 651 multoque
731 567 834 632 minus
864 565 954 649 quasi
984 568 1110 651 impune
1132 568 1250 635 abituri
1273 569 1382 635 sinte

133 676 246 744 Divino
269 673 381 740 Judice
403 671 536 756 improbi
561 670 710 750 homines,
734 670 815 752 siqui
840 672 928 747 sunt,
959 671 1012 754 qui
1035 671 1128 736 nnius
1153 673 1253 738 civilis
1272 676 1381 740 aucto·

5 748 7 752 .
31 779 38 784 “
133 781 237 847 ritatis
257 777 416 862 praesidio
429 775 560 855 sbffulti,
589 765 784 858 paroeciales
808 773 1102 841 Ecclesias'temere
1123 779 1321 860 occupamnt,
1350 780 1382 844 et

134 904 256 954 sacrum
278 882 485 950 ministerium
511 882 543 954 in
576 879 616 944 iis
640 897 798 967 capessere
822 880 889 943 ausi
914 880 986 946 sint.
1033 881 1100 947 imo
1122 879 1267 964 'perditos
1294 882 1379 962 istos,

133 993 165 1056 et
184 989 335 1072 quotquot
358 987 391 1052 in
412 987 570 1069 posterum
593 1003 659 1048 sese
679 983 713 1047 in
733 971 945 1049 Ecclesiarum
969 984 1109 1067 regimen
1134 985 1231 1071 simili
1253 987 1381 1054 crimine

120 1092 329 1172 intruserint,
352 1090 384 1156 in
408 1089 556 1173 majorem
580 1073 926 1176 epoommuuicationem
945 1087 1035 1171 juxta
1054 1107 1158 1154 sacros
1182 1108 1312 1156 canones
1333 1091 1381 1154 in·

132 1198 253 1274 cidisse,
276 1197 307 1260 et
326 1193 461 1281 incidere
481 1196 547 1275 ipso
563 1191 634 1274 jure
657 1191 689 1255 et
710 1190 794 1254 facto
815 1189 1026 1274 declaramus3
1048 1192 1208 1258 monentes
1223 1195 1290 1276 pios
1305 1193 1381 1258 tide-

132 1301 186 1377 les,
207 1299 244 1362 ut
264 1297 304 1362 ad
328 1315 433 1362 eorum
457 1314 544 1367 sacra
566 1295 650 1362 baud
673 1295 955 1386 accedentesque
979 1296 1018 1360 ab
1044 1295 1083 1360 iis
1107 1291 1304 1362 sacramente
1324 1317 1379 1362 su-

19 1388 37 1425 *
131 1403 274 1486 scipiant,
295 1401 392 1492 atque
414 1399 460 1464 ita
484 1400 523 1464 ab
547 1418 651 1464 eorum
681 1399 864 1464 commercio
892 1399 1106 1483 consortioque
1136 1400 1305 1484 prudenter
1326 1402 1380 1467 ab·

4 1492 39 1600 ³⁵·
133 1501 279 1582 stineant,
302 1524 340 1570 nc
362 1504 478 1569 malum
501 1503 687 1570 fermentum
710 1521 846 1570 massam
871 1503 1092 1569 intaminatam
1115 1507 1303 1589 corrumpat.

237 1611 304 1674 Has
331 1608 413 1672 inter
440 1601 635 1672 calamitates
662 1605 763 1708 valuit
794 1606 833 1670 ad
857 1606 1036 1672 leniendum
1060 1607 1196 1674 dolorem
1227 1610 1379 1674 Nostrum

133 1715 284 1783 tortitudo
304 1713 337 1777 et
360 1711 534 1776 constantia
553 1709 685 1788 Vestra,
717 1730 808 1793 quam
841 1711 995 1793 profecto,
1020 1710 1221 1777 Venerabiles
1246 1713 1377 1792 Ecetras,

7 1805 44 1850 '³'
131 1824 172 1886 in
196 1834 304 1901 aspera
328 1814 527 1880 dimicatione
549 1814 689 1879 obeunda
711 1814 853 1878 certatim
880 1815 1028 1896 aemulati
1056 1817 1129 1881 suot
1151 1817 1288 1900 reliquus
1309 1817 1378 1883 Cle-

99 1990 102 1996 ,
131 1943 185 1988 rus
213 1923 244 1985 et
273 1919 396 1997 fideles,
431 1938 561 2002 quorum
593 1920 683 1983 tanta
711 1918 772 1982 fuit
800 1919 974 1984 animarum
998 1919 1131 1984 firmitas
1153 1920 1184 1986 in
1214 1921 1378 1988 catholicis

8 2059 28 2070 ν
132 2025 290 2094 servandis
311 2022 431 2101 officiis,
455 2023 545 2088 tanta
566 2021 713 2106 cujusque
736 2023 769 2086 in
789 2041 843 2087 suo
864 2043 976 2107 genere
1000 2024 1077 2103 laus,
1102 2025 1137 2087 ut
1157 2025 1305 2109 omnium,
1328 2025 1378 2093 vel

136 2131 410 2208 alienissimorum,
435 2129 538 2194 oculos
559 2129 591 2192 et
613 2127 851 2218 admirationem
873 2129 906 2191 in
927 2147 959 2193 se
980 2129 1196 2194 converterint.
1241 2130 1308 2194 Nec
1329 2149 1378 2195 se·

12 2243 36 2278 '-
135 2257 189 2303 cus
209 2235 277 2302 fieri
300 2234 441 2317 poterat;
473 2251 545 2297 nam
574 2233 744 2315 »quantum
767 2230 936 2315 perniciosa
966 2251 1015 2296 res
1045 2234 1091 2296 est
1114 2232 1154 2296 ad
1181 2232 1377 2315 sequentium

10 2328 47 2389 ²:-
129 2345 253 2426 Iapsum
273 2340 364 2405 ruina
389 2326 566 2421 praepositi,
593 2337 769 2402 intantum
793 2339 900 2402 contra
921 2336 1006 2402 utile
1024 2340 1071 2403 est
1090 2339 1126 2404 et.
1148 2337 1283 2402 salutare
1306 2356 1377 2405 cum

1 2435 43 2508 ιῖἱῑ
129 2468 161 2513 se
183 2446 352 2530 Episcopus
379 2462 434 2526 per
459 2441 691 2507 firmamentum
723 2441 795 2506 fidei
825 2441 984 2506 'fratribus‘
1005 2442 1133 2524 praebet
1164 2440 1370 2507 imitandum«

18 2554 41 2597 ·:÷.
130 2551 171 2636 (S.
193 2550 283 2635 Cypr.
308 2548 407 2632 Epist.
431 2546 485 2632 4.).
1196 2549 1222 2570 ’·

5 2663 31 2678 ’“’
234 2653 361 2720 Utinam
383 2652 525 2716 levamen
549 2648 674 2731 aliquod
695 2649 728 2713 in
744 2650 830 2730 bisce
852 2669 954 2715 rerum
978 2650 1132 2734 angustiis
1150 2650 1244 2716 Vobis
1265 2650 1375 2714 afferre

6 2763 40 2818 22³·
129 2759 318 2824 valeremus!
342 2755 448 2820 Firma
470 2753 595 2818 interim
616 2754 676 2819 bac
698 2741 815 2819 Nostra
834 2744 1058 2837 protestatione
1086 2751 1193 2838 quoad¹
1208 2774 1243 2819 ea
1263 2753 1376 2832 omnia,

2 2856 41 2918 ’f'
128 2883 206 2952 quae
229 2861 335 2926 divina
355 2858 512 2924 Ecclesiae
532 2857 769 2936 Constitutioni,
793 2858 920 2942 ejusque
944 2858 1068 2943 legibus
1090 2859 1294 2942 opponuntur,
1321 2875 1377 2922 nec

15 2969 24 3025 'z
130 2987 189 3035 non
213 2965 314 3050 quoad
337 2965 409 3044 vim,
435 2983 512 3047 qaae
532 2962 647 3047 injuste
671 2963 757 3029 vobis
778 2963 929 3047 infertur3
953 2957 1090 3029 consilio
1105 2963 1206 3040 certe,
1231 2963 1377 3046 opportu-

2 3100 30 3128 ·.
130 3070 240 3155 nisque
263 3069 390 3135 monitis
412 3088 468 3151 pro
490 3087 593 3132 rerum
616 3069 860 3134 circumstantiis
885 3069 978 3134 Vobis
998 3089 1057 3134 non
1078 3069 1240 3134 deerimus.

7 3232 24 3258 .,
233 3173 316 3238 lllud
340 3174 445 3239 autem
469 3172 570 3237 sciant
591 3173 645 3256 qui
668 3173 763 3237 Vobis
792 3173 901 3238 intesti
924 3157 1114 3256 sunt,‘quod
1137 3173 1301 3238 renitentes
1321 3190 1376 3236 vos

132 3279 291 3364 praestare
312 3275 449 3354 Caesari,
472 3294 551 3359 quae
566 3275 625 3340 Dei
645 3273 728 3356 sunt,
749 3277 870 3342 nullam
889 3276 1007 3361 Regiae
1028 3276 1209 3343 auctoritati
1229 3275 1376 3357 injuriam

131 3382 258 3449 allaturi
281 3381 366 3461 estis,
387 3381 420 3445 et
439 3379 519 3445 nibil
541 3398 577 3445 ex
597 3398 633 3444 ea
654 3379 841 3461 detracturi3
865 3381 1015 3464 scriptum
1040 3383 1087 3446 est
1114 3380 1195 3446 enim
1226 3377 1378 3446 >Obedire

24 3503 31 3551 2
130 3486 251 3570 oportet
266 3485 332 3550 Deo
347 3485 460 3569 magis,
482 3481 578 3566 quam*
596 3481 792 3548 homiuibus«
812 3484 896 3566 (Act.
913 3484 951 3562 V,
972 3481 1037 3568 29.)
1058 3502 1095 3573 ac
1111 3482 1205 3548 simul
1225 3484 1377 3562 noverint,

2 3613 26 3662 ³:
130 3607 379 3673 unumquemque
399 3590 540 3654 vestrum
563 3586 717 3652 tributum
736 3589 767 3653 ot
784 3588 963 3672 obsequium
989 3586 1115 3653 Caesari
1138 3588 1210 3654 dare
1233 3591 1377 3672 paratum

22 3724 27 3742 ἰ
131 3711 208 3771 esse,
225 3712 286 3759 non
309 3694 433 3776 propter
457 3694 555 3770 iram,
579 3690 633 3755 sed
655 3694 780 3775 propter
809 3690 1029 3758 conscientiam
1052 3691 1085 3756 in
1107 3691 1159 3770 iis,
1191 3679 1270 3776 quae
1293 3692 1378 3758 civili

22 3827 26 3834 ·
131 3799 263 3865 subsunt
282 3795 410 3880 imperio
433 3797 465 3861 et
485 3794 645 3880 potestati.

235 3901 286 3968 Sic
306 3900 438 3983 utraque
461 3898 647 3966 otficia'rite
666 3899 830 3978 obeuntes,
855 3900 974 3983 Deiqne
996 3877 1183 3965 ordinationi
1205 3899 1376 3983 obsequen-

21 4039 28 4056 2
133 4007 197 4085 tes,
219 4004 316 4071 alacri
336 4005 436 4072 estote
459 3991 579 4083 animo,
603 4005 697 4087 atque
719 4005 768 4068 uti
788 4005 942 4089 coepistis,
966 4004 1010 4070 sic
1029 4003 1160 4088 pergito.
1205 4004 1275 4069 Non
1295 4004 1377 4069 enim
1455 4017 1459 4026 ²

17 4137 26 4188 j
135 4109 254 4176 modica
273 4110 388 4177 lucrati
411 4111 497 4188 estis,
518 4109 599 4194 quod
622 4109 806 4193 patientiam
831 4109 954 4174 habetis
977 4110 1009 4174 et
1031 4109 1224 4175 sustinuistis
1252 4109 1377 4192 propter

134 4234 243 4281 nomen
265 4216 341 4282 Jesu
362 4219 394 4282 et
416 4235 477 4283 non
499 4214 666 4282 defecistis.
701 4213 810 4300 (Apoc.
835 4214 877 4293 II,
902 4213 947 4301 3.)
993 4215 1100 4298 Ipsum
1124 4213 1290 4298 auspicia,
1322 4213 1377 4301 qui

133 4339 185 4386 vos
205 4321 347 4406 graviora
369 4321 514 4404 patiendo
534 4320 711 4405 praecessit,
735 4322 767 4386 et
793 4338 942 4403 »poenam
964 4320 1130 4404 probrosae
1152 4318 1261 4384 mortis
1284 4335 1377 4400 oppe-

132 4425 196 4503 tiit,
217 4427 253 4491 ut
275 4424 414 4490 membra
435 4425 510 4510 Ejus
533 4424 679 4492 uidelicet
700 4425 856 4492 discerent
885 4423 1004 4489 favores
1026 4425 1134 4489 mundi
1157 4424 1282 4508 fugere,
1313 4424 1376 4488 ter-
1405 4471 1408 4476 Α

132 4549 216 4595 rores
239 4528 367 4616 minime
389 4529 517 4606 timere,
544 4548 598 4612 pro
620 4530 752 4595 veritate
776 4531 906 4595 adversa
927 4528 1073 4614 diligere,
1098 4547 1243 4612 prospera
1266 4526 1374 4593 lormi—
1418 4593 1425 4604 ,
1476 4549 1486 4560 ’

135 4633 235 4698 dando
259 4631 442 4698 declinare«
469 4632 512 4716 (S.
534 4631 626 4716 (trag.
651 4633 694 4697 M.
718 4633 794 4717 Reg.
818 4635 904 4700 Post.
922 4653 955 4717 p.
977 4633 1001 4698 i.
1026 4652 1052 4698 c.
1077 4631 1120 4711 3.)
1143 4631 1224 4716 lpse,
1247 4631 1300 4715 qui
1323 4648 1376 4696 vos
1444 4685 1445 4688 η
