3120 4956
213 245 277 312 370
320 265 372 319 Pa
391 264 450 318 PP.
468 260 523 318 IX.
539 260 684 332 Epistola
701 260 873 332 Erccpcltcc
893 259 921 316 d.
941 261 988 316 24.
1009 256 1182 330 Decjldid.
1210 256 1322 328 (racc.
1339 259 1444 318 cneo.)

212 437 409 523 peccatorum
442 435 663 502 confessionem
693 437 726 502 et
748 435 789 502 ad
822 434 1053 500 sacramentum
1083 432 1300 502 Eucharistiae
1337 436 1473 498 sanetae

186 541 448 635 ‘percipiendum
472 559 621 625 peragere
640 539 760 606 debeat.
806 539 958 622 Quoniam
980 557 1053 604 vero
1064 538 1179 604 nedum
1203 538 1393 622 exemplum,
1417 538 1476 602 sed
1543 628 1544 631 Ἴ

213 646 379 712 ministerii
403 644 605 710 ecclesiastici
642 663 734 727 opera
767 643 894 710 omnino
924 643 1116 727 requiritur,
1150 643 1186 706 ut
1214 643 1246 706 in
1265 641 1388 726 populo
1412 641 1476 706 Dei

154 835 156 848 ί
213 750 313 832 optati
334 749 589 814 sanctificationis
611 748 731 814 fructus
743 748 926 828 habeantur,
950 745 1337 813 vestrorumSaaerdotum
1351 747 1478 844 zelum,

215 854 281 938 VV,
300 853 436 933 Fratres,
458 855 497 919 ad
520 853 729 921 ministerium
752 853 864 918 salutis
887 852 952 917 hoo
970 851 1167 934 potissimum
1191 853 1330 935 tempore
1352 853 1480 917 alacri-

213 960 262 1023 ter
285 958 486 1023 exercendum
507 953 700 1034 inflammare
723 976 783 1022 non
806 956 963 1022 omittite:
985 957 1079 1040 atque
1102 954 1316 1020 adcommune
1337 956 1480 1033 bonnm,

107 1135 108 1140 ἵ
157 1063 169 1112 ”·’
213 1062 266 1127 ubi
288 1063 345 1127 boc
367 1062 434 1126 fleri
456 1063 564 1146 possit,
592 1062 761 1146 plurimum
792 1061 943 1142 conteret,
958 1060 996 1124 si
1018 1060 1078 1144 ipsi
1100 1059 1228 1143 pietatis
1250 1060 1282 1124 et
1303 1059 1481 1142 religionis

213 1165 351 1248 exemplo
379 1166 554 1230 christiane
584 1165 695 1248 populo
733 1166 938 1248 praeeuntes,
970 1163 1182 1248 spiritualium
1208 1163 1479 1228 exercitationum

213 1287 269 1352 ope
287 1262 365 1333 'snae
387 1271 514 1334 sanctae
535 1269 705 1335 vocationis
726 1269 872 1352 spiritum
890 1269 1056 1346 renovent,
1088 1267 1123 1332 ut
1155 1266 1265 1332 deinde
1285 1267 1405 1332 utilius
1439 1289 1479 1332 aa

142 1359 143 1364 ’
212 1371 384 1436 salutarius
405 1372 437 1438 in
458 1372 523 1436 suis
537 1372 727 1441 muneribus
752 1371 920 1455 explendis,
945 1373 978 1436 et
997 1372 1030 1436 iri
1046 1370 1143 1435 sacris
1160 1370 1370 1436 -Missionibus
1386 1373 1478 1454 apud

168 1513 170 1519 ·
212 1475 365 1558 populum
384 1475 545 1552 habendis,
570 1477 692 1541 statuto
712 1475 848 1563 aVobis
870 1475 976 1540 ordine
998 1475 1031 1538 et
1053 1474 1175 1538 ratione
1189 1475 1362 1540 versentur.
1392 1472 1479 1538 Cum

15 1607 113 1670 χ
213 1596 302 1660 porro
324 1579 372 1643 tot
394 1578 457 1643 sint
479 1579 603 1644 saecula
624 1580 725 1656 mala,
748 1597 827 1661 quac
850 1579 1042 1660 reparentur,
1067 1579 1099 1642 st
1124 1577 1214 1656 bona,
1237 1596 1316 1660 quae
1340 1597 1476 1660 promo-

15 1661 44 1754 ὲῖξὲ
66 1685 97 1768 j
111 1739 117 1754 „
178 1703 179 1708 ¹
215 1685 356 1759 veantur,
378 1685 570 1748 assumentes
593 1682 734 1767 gladium
757 1683 896 1766 spiritus,
919 1682 1000 1765 quod
1023 1684 1071 1748 est
1093 1683 1221 1747 verbnm
1243 1682 1318 1760 Dei,
1333 1701 1475 1773 'omnem

143 1813 144 1820 ¹
215 1805 319 1851 curam
343 1787 523 1870 impendite,
545 1789 580 1851 ut
604 1788 734 1871 populus
755 1789 857 1852 vester
877 1786 918 1851 ad
942 1786 1163 1852 detestandum
1186 1773 1321 1851 immane
1348 1788 1474 1851 crimen

132 1925 174 1972 ,μ
215 1887 428 1972 blasphemiae
452 1891 634 1970 moueatur,
658 1911 718 1974 quo
740 1891 821 1956 sinn
842 1891 890 1956 aa
912 1891 976 1956 am
1000 1891 1159 1969 anacam,
1190 1890 1271 1974 quoa
1295 1890 1353 1955 noe
1388 1893 1476 1955 aem-

214 2013 370 2076 porenon
393 1993 535 2071 violetur,
558 1995 655 2077 utque
678 1995 718 2060 de
740 1995 849 2060 diebus
872 1995 960 2059 festis
987 1995 1094 2059 sancte
1118 1993 1271 2070 colendiS,
1294 1993 1334 2058 ds
1351 1994 1475 2078 jejunii

74 2079 100 2100 '¹
139 2135 141 2140 ·
216 2096 477 2164 etabstinentiae
511 2098 633 2183 legibus
662 2118 697 2163 ex
727 2099 885 2165 Ecclesiae
911 2098 971 2163 Dei
998 2098 1189 2182 praescripto
1218 2097 1382 2162 servandis
1417 2118 1474 2163 sua

217 2201 322 2299 officia-
341 2205 506 2286 cognoseat
529 2206 561 2268 et
582 2204 735 2288 impleat,
767 2205 863 2288 atque
895 2205 943 2268 ita
974 2202 1073 2268 vitare
1099 2203 1206 2285 possit
1230 2220 1364 2286 poenas,
1393 2222 1473 2285 quas

15 2287 56 2382 ‘j‘
217 2306 327 2369 barum
350 2325 452 2370 rerum
476 2308 671 2390 contemptus
694 2307 834 2373 evocavit
862 2307 897 2372 in
915 2309 1024 2372 terras.
1070 2305 1108 2370 In
1138 2305 1255 2370 tuenda
1286 2304 1371 2370 (llari
1406 2307 1468 2371 dis

215 2409 338 2492 ciplinn,
362 2410 392 2474 in
405 2413 490 2478 recta
511 2409 699 2477 Gloricornm
722 2411 919 2478 institutione
942 2410 1078 2476 curanda
1093 2411 1230 2475 vestrum
1255 2410 1374 2492 pariter
1402 2414 1468 2476 stn-

15 2467 23 2492 'v'
70 2505 81 2512 ”
171 2537 172 2540 “
214 2513 301 2578 dium
323 2533 359 2578 aa
383 2514 476 2578 aelus
496 2517 674 2581 constanter
704 2516 876 2600 advigilat,
911 2516 1056 2599 omnique
1089 2533 1150 2598 (1¹¹a
1179 2513 1310 2597 ΨΜ8
1344 2516 1473 2582 mm

132 2657 156 2680 2
214 2617 363 2682 auxilium
385 2617 613 2684 circumventae
633 2619 793 2703 juventuti
818 2621 947 2700 afferte,
982 2638 1061 2704 quae
1084 2618 1117 2682 in
1147 2619 1263 2702 quanto
1287 2616 1472 2684 discrimine

78 2749 79 2752 =
214 2721 258 2786 sit
280 2721 390 2804 posits,
410 2724 442 2787 et
461 2742 556 2806 qnam
583 2725 672 2808 gravi
703 2725 811 2790 ruinae
846 2723 994 2803 annona,
1029 2722 1165 2788 ³V⁰b5³
1195 2740 1255 2786 ”⁰¹¹
1287 2721 1470 2803 'ignmtuf’

213 2823 281 2890 Hoc
303 2821 379 2892 mali
409 2847 508 2911 genus
533 2829 579 2894 ita
601 2819 747 2894 acerbum
771 2830 833 2894 fuit
856 2827 961 2894 Divini
992 2827 1094 2910 Ipsius
1121 2825 1339 2907 Redempton's
1371 2826 1471 2902 cordi,

214 2931 250 2994 ut
271 2930 304 2996 in
331 2930 404 3014 ejus
427 2933 568 2996 auctores
600 2952 637 2996 aa
671 2933 767 2998 verba
798 2932 966 3016 protulerit
1000 2930 1161 3012 »pompeis
1195 2928 1472 2994 scandalizaverit

213 3055 311 3102 aaran
332 3055 371 3098 ac
392 3035 443 3100 bis
458 3036 594 3128 pusillis
617 3037 812 3102 credentibus
833 3025 1083 3110 tamaianam
1105 3038 1150 3098 est
1172 3033 1201 3098 ei
1220 3033 1323 3116 magis
1344 3033 1375 3098 si
1399 3033 1471 3098 air-

152 3191 155 3211 ,
214 3139 417 3206 cumularetur
449 3139 534 3204 molo
570 3141 719 3206 canaria
753 3141 787 3206 tn
816 3141 895 3206 cotta
923 3141 992 3224 ejas
1022 3144 1051 3204 at
1081 3139 1118 3202 in
1149 3158 1238 3202 mare
1260 3136 1469 3202 mittentem

95 3317 96 3320 Ἴ
130 3299 131 3302 ,
214 3241 353 3326 (Marcus
375 3243 404 3319 9,
427 3241 494 3326 41.)
539 3223 629 3309 Nihil
652 3246 761 3310 autern-
776 3245 877 3330 magis
897 3243 1027 3328 dignum
1049 3243 1097 3306 est
1114 3241 1194 3306 sacri
1215 3239 1357 3306 Junilaei
1380 3240 1471 3305 tem·

164 3357 170 3415 ζ
212 3363 294 3429 pore,
319 3364 410 3428 quarn
433 3348 469 3410 ut
492 3348 674 3434 omnigenae
698 3348 839 3413 caritatis
862 3367 955 3432 opera
982 3345 1152 3429 impensius
1177 3344 1398 3410 exerceantur:
1433 3364 1471 3409 aa

166 3463 168 3466 ·
213 3450 375 3534 propt'ema
397 3450 493 3516 vestri
515 3451 610 3517 etiam
637 3452 795 3545 salierit,
821 3451 1023 3517 Venerabiles
1052 3448 1198 3520 Fratres,
1229 3448 1374 3513 stimulos
1408 3449 1469 3514 sd·

61 3541 63 3544 ⁵
112 3551 114 3554 ’
214 3554 300 3632 dere,
324 3557 360 3619 ut
379 3555 581 3620 subveniatur
615 3558 763 3640 pauperi,
799 3560 844 3623 ut
861 3555 991 3641 peccata
1026 3553 1229 3638 eleemosynis
1261 3553 1469 3633 redimantur,

60 3744 62 3751 Ι
109 3693 112 3700 ,
212 3679 344 3742 quarum
364 3662 430 3724 tam
455 3661 556 3726 multa
579 3663 658 3726 bona
679 3663 712 3726 in
733 3663 895 3750 scripturis
918 3663 1014 3727 sacris
1035 3663 1255 3728 recensentur:
1280 3662 1313 3726 et
1334 3678 1397 3742 qno
1421 3660 1469 3724 la-

213 3763 278 3828 tius
297 3765 437 3829 caritatis
458 3765 578 3841 fructus
590 3769 763 3832 maneatac
776 3767 919 3832 stabilior
934 3766 1057 3845 evadat,
1070 3767 1280 3850 opportunum
1297 3761 1467 3828 admodum

152 3913 154 3918 .
214 3867 282 3942 erit,
304 3870 340 3932 ut
363 3870 504 3934 caritatis
530 3857 669 3936 subsidia
696 3871 735 3952 ad
762 3871 893 3937 fovenda
909 3872 958 3937 vel
984 3869 1147 3936 excitanda
1164 3870 1217 3952 pia
1235 3869 1292 3933 illa
1317 3866 1469 3931 instituta

213 3971 420 4050 conterantur,
447 3993 525 4057 quae
545 3973 680 4038 utilitati
704 3975 878 4041 animarum
904 3977 1118 4058 etcorporum
1140 3972 1312 4056 plurimum
1347 3970 1468 4036 condu-

214 4093 282 4140 cere
305 4075 363 4141 boa
381 4079 519 4162 tempore
535 4080 763 4148 existimantur.
809 4079 843 4146 Si
865 4081 906 4146 ed
929 4080 1108 4149 haecbona,
1121 4076 1313 4160 assequenda
1327 4077 1468 4148 omnium

15 4165 72 4244 A„
136 4259 138 4264 Ι
214 4182 351 4245 vestram
375 4185 494 4246 mentes
517 4183 550 4248 et
572 4184 676 4249 studia
707 4185 940 4265 consenserint,
963 4175 1032 4251 fieri
1047 4178 1116 4249 non
1135 4182 1261 4266 potest,
1284 4179 1359 4264 quin
1383 4179 1468 4264 Reg-

214 4304 288 4348 num
311 4283 429 4350 Christi
441 4287 482 4352 ,ct
501 4285 626 4369 justitia
646 4288 712 4372 ejus
731 4307 847 4374 magna
862 4288 1056 4356 incrementa
1081 4285 1241 4369 suscipiat,
1267 4286 1299 4349 et
1319 4283 1468 4348 boetem·

112 4443 113 4448 ,
214 4405 285 4469 pore
308 4388 509 4470 acceptabilis
531 4389 640 4455 diedus
665 4391 776 4458 salutis
798 4411 945 4477 magnam
976 4407 1178 4474 supernorum
1211 4405 1378 4452 munerum
1413 4405 1466 4454 co-

215 4490 297 4570 piam
319 4509 411 4574 snper
433 4491 514 4557 filios
529 4493 710 4559 dilectionis
734 4497 901 4562 clementia
924 4494 1069 4562 caelestis
1093 4491 1242 4559 effundat.

319 4594 369 4659 Ad
392 4595 453 4662 Vos
476 4596 616 4680 denique,
639 4597 817 4664 Catholicae
841 4601 997 4664 Ecclesiae
1017 4598 1090 4663 Eilii
1112 4595 1266 4674 universi,
1293 4613 1465 4659 sermonem
