3120 4956
197 258 262 324 364
306 276 359 332 ιιι
376 277 436 332 rr.
454 275 508 331 rx.
526 275 858 348 mastora'ampcuca
875 277 905 330 a.
922 275 968 329 aa
991 275 1060 330 uec.
1083 233 1169 329 rara
1194 273 1429 340 cremauere.)

242 449 273 514 2.
295 447 489 514 sanctissimi
509 447 636 514 Domini
658 447 767 514 Nostri
786 447 837 512 Pii
859 445 975 512 Divina
997 445 1200 512 Prouidentia
1220 447 1328 553 Papae
1351 445 1411 510 IX.

512 619 516 624 -
624 569 795 636 [rrsrou
817 567 1013 635 ΕιιΰΥΰιΙΰιι

88 735 90 740 .
196 689 247 754 Ad
267 670 373 755 omnes
394 689 589 772 patriarchas
609 691 758 774 primates
780 689 1026 774 archiepiscopos
1049 689 1207 774 episcopos
1230 687 1378 773 aliosque
1398 691 1449 756 lo-

195 813 300 860 corum
323 792 500 859 ordinarios
517 793 655 878 gratiam
681 795 713 860 et
735 813 980 860 communionem
1003 813 1073 858 cnm
1093 793 1263 876 apostolica
1285 795 1358 900 sede
1385 794 1449 859 ha-

497 897 606 963 hentes
625 897 657 963 et
679 897 719 963 ad
741 896 958 963 christifideles
978 898 1144 964 universos.
1275 979 1278 984 Ι

558 1000 725 1070 (anilaeum
748 1000 901 1076 universale
917 1000 1132 1070 inuiam.)

306 1191 505 1258 Vaaeradtlcs
526 1191 664 1258 Fratres
685 1086 1082 1274 eldlddeczpfilddsulutem
1103 1197 1133 1256 et
1153 1191 1360 1272 apostolicum
1394 1191 1449 1256 be-

199 1295 414 1360 nedictionem.
458 1293 610 1360 (travibus
640 1295 796 1361 Ecclesiae
816 1297 848 1364 et
871 1295 964 1380 hujus
988 1293 1116 1395 'saeculi
1139 1293 1375 1376 calamitatibus
1409 1311 1449 1360 ac

142 1517 144 1523 ’
197 1502 334 1569 tilloatus
356 1499 465 1567 Nostri
495 1503 786 1585 tempore-excitare
803 1503 1085 1588 praetermissimus
1107 1502 1311 1566 christianum
1338 1522 1446 1586 popu-

197 1595 272 1685 lum,
292 1606 329 1669 ut
360 1604 420 1669 Dei
443 1603 645 1689 Majostatem
672 1606 795 1690 placare
825 1610 857 1672 ot
880 1606 1045 1673 caelestem
1081 1600 1287 1672 Clementiam
1321 1607 1447 1677 sanctis

196 1707 279 1775 vitae
301 1707 448 1788 moribus,
478 1695 685 1793 poenitentiae
712 1710 866 1794 operibor,
892 1713 924 1775 et
944 1711 1003 1794 piis
1032 1709 1293 1794 supplicationum
1326 1710 1444 1775 officiis

197 1813 364 1896 promereri
386 1813 589 1880 adniteretur.
641 1815 679 1879 ln
702 1815 783 1879 huuc
809 1815 903 1880 finem
923 1814 1039 1898 pluries
1066 1815 1246 1897 spirituales
1274 1813 1447 1898 indulgeu-

199 1916 315 1981 tiarum
339 1916 501 1984 thesauros
524 1918 703 2000 Apostolica
726 1919 921 2008 liberalitato
937 1918 1200 1985 christifidelibus
1222 1919 1446 1998 reseravimus,

198 2021 235 2085 ιιι
257 2020 389 2088 indeed
410 2040 516 2088 veram
536 2021 757 2105 poeniteutiam
780 2022 896 2088 incemi
916 2024 948 2088 et
969 2042 1023 2106 per
1045 2023 1304 2088 reconciliationis
1336 2027 1447 2088 sacra·

76 2195 77 2200 J
200 2125 338 2190 mentum
361 2143 381 2190 a
402 2127 599 2209 peccatorum
621 2125 752 2199 maculis
774 2126 886 2209 expiati
911 2125 951 2192 ad
974 2128 1122 2192 thronum
1144 2125 1266 2212 gratiae
1293 2126 1446 2192 fidentius

198 2228 388 2310 accederent,
409 2249 446 2296 ac
467 2229 554 2315 digni
577 2230 691 2296 fierent
706 2232 743 2296 ut
765 2249 869 2296 eorum
886 2250 990 2316 proces
1008 2231 1140 2316 henigne
1153 2250 1171 2295 a
1186 2230 1252 2296 Deo
1264 2230 1445 2314 exciperen-

198 2335 268 2417 tur,
303 2333 372 2398 Hoc
394 2333 500 2400 autem
522 2335 571 2399 nti
593 2334 680 2415 alias,
703 2335 748 2401 sic
767 2334 949 2421 praesertim
965 2337 1122 2402 occasione
1134 2333 1330 2431 Sacrosancti
1342 2333 1460 2400 Oeen·

67 2467 70 2474 ι
198 2437 310 2502 manici
341 2436 485 2504 Vaticani
514 2437 644 2504 concilii
676 2437 897 2522 praestandum
927 2440 1121 2520 censuimus,
1153 2440 1191 2506 ιιι
1221 2438 1443 2525 gravissimum

200 2558 276 2623 opus
298 2539 337 2606 ad
359 2540 517 2606 Ecclesiae
540 2541 700 2607 universae
723 2542 894 2609 utilitatem
916 2543 1108 2621 institutum,
1131 2543 1229 2609 totius
1249 2543 1366 2628 pariter
1379 2542 1443 2608 'dc-

200 2643 312 2710 clesiae
329 2644 472 2730 precihus
490 2643 571 2728 apud
587 2642 695 2710 ¹Deum
717 2645 932 2730 adjuvaretur,
956 2665 992 2711 ac
1014 2641 1165 2731 suspensa
1198 2629 1273 2712 licat
1292 2647 1330 2711 ob
1359 2647 1444 2712 tem-

198 2766 307 2830 porum
330 2749 526 2814 calamitates
547 2749 686 2833 ejusdem
711 2748 841 2815 Concilii
854 2750 1069 2829 celebratione,
1081 2750 1313 2836 Indulgentiam
1332 2753 1443 2816 ιιιιιιιι

200 2852 230 2916 iu
255 2852 356 2919 torma
378 2853 517 2920 lubilaei
540 2855 786 2940 consequendam
814 2873 851 2920 ea
872 2854 1031 2920 occasione
1051 2854 1293 2958 promulgatam,
1316 2836 1350 2918 ιιι
1383 2873 1443 2919 sna

199 2954 239 3034 vi,
263 2955 423 3036 firmitate,
446 2961 478 3022 et
499 2958 604 3043 rigore
631 2975 772 3036 manere,
796 2957 844 3023 uti
866 2959 972 3023 manet
1001 2958 1113 3039 adhuc,
1129 2953 1184 3024 ad
1207 2957 1313 3042 populi
1340 2957 1443 3024 tidelis

84 3081 104 3092 ff
200 3061 314 3126 bonum
338 3059 488 3127 ediximus
508 3063 541 3128 ιι
563 3061 797 3159 declaravimus.
822 3063 935 3127 Verum
954 3062 1137 3146 procedente
1163 3063 1345 3149 miserorum
1361 3064 1444 3128 tarn-

197 3183 306 3248 porum
329 3182 420 3230 cursu
443 3163 531 3229 adest
516 3165 618 3249 tJam
641 3183 739 3230 annus
763 3167 1010 3252 septuagesimus
1037 3166 1164 3250 quintus
1186 3185 1281 3252 supra
1312 3157 1444 3232 millesi-

199 3289 286 3334 mum
309 3259 611 3352 octingentesimum,
635 3289 733 3336 annus
757 3291 866 3355 nempe
890 3272 944 3355 qui
964 3289 1087 3337 sacrum
1109 3271 1189 3337 rllud
1201 3269 1349 3354 temporis
1367 3288 1443 3352 spa·

203 3373 284 3438 tium
307 3373 422 3458 signat,
456 3374 537 3458 quod
563 3376 672 3440 sancta
706 3375 857 3460 majorum
881 3377 1055 3441 nostrorum
1088 3374 1286 3454 cousuetudo,
1316 3374 1348 3438 et
1377 3373 1442 3439 Ro·

198 3497 359 3552 manorum
385 3479 571 3544 Pontificum
595 3479 870 3545 Praedeoessorum
892 3479 1078 3544 Nostrorum
1099 3471 1251 3544 instituta
1259 3477 1444 3568 universalis

72 3607 74 3610 ·
202 3581 341 3647 Juoilaei
364 3582 556 3647 solemnitati
576 3582 778 3648 celebrandae
801 3579 1026 3647 consecrarunt.
1072 3581 1196 3663 Quanta
1162 3579 1358 3648 tJubilaei
1387 3599 1445 3645 an-

202 3705 267 3767 nus,
292 3686 345 3752 nbi
372 3685 542 3770 tranquilla
564 3686 758 3770 Ecclesiaet
759 3704 883 3768 empora
904 3685 993 3751 illum
1012 3685 1072 3764 rite
1095 3683 1243 3750 celebrari
1256 3685 1443 3762 annuerunt,

199 3791 394 3856 veneratione
422 3792 454 3856 et
481 3791 631 3875 religione
661 3791 703 3855 sit
738 3790 858 3868 cultus,
890 3792 995 3880 vetera
1029 3809 1065 3856 ao
1091 3772 1263 3854 recentiora
1292 3783 1444 3872 historiae

86 3979 88 3982 Ι
199 3895 399 3958 monumenta
419 3893 593 3976 testantem,-
615 3893 742 3958 habitus
766 3893 995 3982 enimtsemper
1012 3892 1073 3958 luit
1094 3892 1143 3957 uti
1163 3909 1261 3956 annus
1292 3867 1443 3954 salutaris

199 3996 379 4091 expiationis
399 3998 495 4078 totius
518 3997 682 4064 christiani
703 3997 818 4082 populi,
841 3998 889 4090 nti
913 3994 1245 4079 annueredemptionis
1265 3991 1444 4078 etgratiae,

197 4099 390 4166 remissionis
408 4103 440 4167 et
460 4100 683 4185 indulgentiae,
708 4119 767 4184 quo
792 4101 831 4166 ad
854 4079 934 4165 hanc
955 4101 1079 4166 Almam
1104 4099 1220 4164 Urbem
1243 4097 1392 4164 Nostram
1408 4099 1444 4162 et

70 4285 73 4292 ,
199 4205 286 4271 Petri
307 4202 416 4270 Sedcm
441 4222 477 4269 er
496 4205 563 4272 toto
585 4204 657 4270 orho
681 4199 920 4270 concurrebatur
943 4205 976 4289 et
962 4203 1138 4268 tfidelibus
1153 4200 1305 4266 universis
1323 4200 1409 4265 ad
1379 4220 1444 4285 pre

200 4307 276 4375 tatis
294 4307 396 4374 officia
418 4309 542 4374 excitat
518 4311 561 4374 ιιι
583 4308 830 4374 cumulatissime
850 4326 988 4392 quaeque
1015 4304 1275 4372 reconciliationis
1307 4305 1339 4368 et
1370 4322 1445 4387 gra-

83 4439 84 4444 *
200 4414 263 4479 tiae
285 4396 471 4496 praesidia
462 4432 495 4477 ιιι
518 4413 691 4477 animarum
714 4407 848 4478 salutem
869 4411 1038 4477 offerebant
1039 4429 1084 4476 ιιι.
1131 4409 1230 4491 Quam
1254 4403 1339 4491 piam
1354 4424 1445 4471 sunc-

136 4509 138 4512 ’
199 4519 326 4600 umque
349 4515 577 4581 solemnitatem
604 4514 691 4579 hoc'
682 4534 784 4596 ipsum
807 4515 946 4580 nostrum
966 4513 1124 4584 saeculum
1141 4512 1238 4589 ricae,
1251 4528 1321 4575 cnm
1334 4525 1445 4592 nempe

201 4620 303 4687 Leone
326 4619 398 4686 Xll.
424 4619 474 4686 tel.
499 4616 614 4683 record.
635 4618 873 4718 Praedeoassora
895 4617 975 4681 Nost
961 4619 1009 4682 tro
1032 4615 1212 4682 Jubssaeum
1237 4631 1315 4682 auno
1348 4614 1443 4702 1825.Ι
