3120 4956
501 861 504 865 .
682 837 684 845 ,
710 800 776 884 χχ,
807 865 808 868 ¹

99 959 177 1070 ‘nn
208 907 404 1024 acernam
434 957 703 1024 mnnnsronn
726 931 792 1024 'ro
815 957 1065 1025 unrnnnscn
1096 959 1370 1028 crunonrcun

657 1059 831 1128 danaen

403 1141 432 1187 ⁹
465 1143 716 1282 sererent
739 1199 1019 1282 rncncrrcr

124 1357 295 1426 anonis
314 1333 380 1424 Pe.
407 1356 492 1423 nn.
517 1379 596 1440 aaa
614 1359 654 1422 a
669 1359 828 1423 manaae
846 1357 914 1422 ΡΗ
937 1357 1003 1424 rx.
1028 1356 1117 1422 eaor.
1142 1358 1237 1422 crea.
1257 1360 1369 1424 raanan

124 1463 206 1527 edita
244 1468 289 1528 est
308 1463 480 1528 ·oocasione
510 1455 654 1528 Jubilaer‘
682 1463 771 1530 Auni
800 1459 1063 1528 MDOOOL'XX
1069 1461 1103 1528 V.
1154 1460 1194 1527 Ut
1228 1463 1371 1534 omuibus

128 1564 331 1630 Patriarobu’s
346 1565 607 1647 Arcbiepiscopis
626 1569 655 1632 et
669 1566 843 1646 Episcopus
866 1567 1000 1648 aliisquo
1022 1566 1160 1631 locorum
1185 1565 1371 1631 ordinariis

122 1671 262 1752 gratim
293 1676 322 1735 et
345 1663 588 1736 communionem
605 1669 698 1736 Sedis
712 1669 914 1751 Apostolicae
936 1669 1121 1736 habentibus
1137 1675 1202 1752 pro
1231 1669 1369 1738 uberiori

449 1776 642 1864 agendorum
663 1795 776 1840 norma
798 1776 1042 1843 transmittatur.

457 1894 527 1964 (cfr.
546 1897 660 1952 Arabio
678 1896 731 1951 nol.
752 1897 793 1950 33.
811 1896 874 1965 pag.
893 1896 945 1950 364
962 1894 1034 1964 sqq.)

614 2000 693 2068 LEO
717 2001 780 2067 PP.
801 2001 886 2065 ΧΠ.Ι

197 2119 394 2187 Venerabiles
415 2121 559 2203 Fratres,
584 2123 724 2225 Salutem
746 2129 775 2188 et
795 2123 1012 2204 Apostolicam
1035 2122 1300 2188 Benedictioueru.

227 2241 364 2308 Caritate
392 2242 660 2329 Christiurgente
683 2245 765 2323 Nos,
790 2245 968 2310 uttructus
987 2243 1138 2328 passionis
1161 2244 1227 2328 ejus
1247 2243 1279 2306 iu
1302 2260 1367 2306 om·
1445 2245 1446 2250 ’

125 2365 188 2424 nes,
212 2349 362 2429 qnantum
391 2347 541 2413 divinitus
566 2367 709 2416 concesse
732 2350 841 2427 Nobis,
859 2349 935 2414 licet
958 2348 1104 2433 indignis,
1127 2349 1281 2432 potestate
1296 2365 1367 2429 pos·

123 2468 240 2529 sumus,
264 2450 446 2516 derivandos
469 2470 628 2530 curcmns;
648 2453 824 2537 insignibus
846 2452 929 2530 fidei,
950 2453 1096 2536 pietatis,
1116 2451 1275 2534 omnisque
1298 2449 1363 2514 vir-

122 2554 197 2618 tutis
219 2554 365 2638 exemplis
387 2557 455 2621 tum
478 2557 649 2622 incolarum
670 2559 762 2642 hujus
783 2557 885 2638 urbis,
908 2559 976 2622 tum
1001 2557 1207 2634 advenarum,
1230 2556 1282 2638 qni
1303 2555 1367 2619 ¹fre-

120 2657 317 2739 qnentissimi
339 2676 394 2740 pro
418 2659 591 2724 conditione
611 2661 785 2744 temporum
809 2662 869 2727 buo
900 2653 1083 2726 universalis
1103 2657 1241 2726 anileei
1273 2680 1366 2730 causa

119 2762 337 2840 convenerunt,
359 2781 508 2846 magnam
530 2763 562 2827 in
583 2782 668 2846 spem
692 2765 788 2854 erecti
810 2765 891 2853 fore,
921 2767 957 2828 ut
979 2764 1092 2847 ubique
1121 2763 1225 2828 studia
1257 2765 1362 2829 eadem
1388 2789 1394 2804 ¹

118 2863 257 2945 fidelium
277 2865 317 2930 ad
338 2866 510 2931 utilitatem
538 2867 710 2934 animarum
742 2887 887 2946 suarum,
912 2866 1045 2934 ad‘Dei·
1061 2870 1093 2932 et
1123 2868 1194 2951 ejus
1208 2860 1365 2933 Ecclesiae

120 2969 251 3053 gloriam
284 2970 473 3049 excitentur;
510 2968 591 3038 votis
624 2973 700 3038 item
734 2973 847 3038 nestris
878 2972 1144 3050 obsecundantes,
1165 2971 1365 3038 venerabiles

118 3074 255 3152 Fratres,
278 3077 309 3139 et
331 3074 512 3159 Principum
534 3075 782 3155 Catholicorum,
813 3077 924 3160 quibus
945 3095 1017 3142 vera
1039 3065 1174 3141 felicitas
1204 3077 1288 3141 cordi
1318 3077 1367 3142 est

118 3179 260 3262 gentium
283 3179 344 3244 sibi
366 3179 572 3258 subditarum,
596 3181 857 3264 quemadmodum
878 3181 965 3247 asel.
990 3199 1050 3246 reo.
1074 3181 1365 3246 Praedecesscribus
1404 3257 1406 3262 s

117 3281 232 3347 nostris
255 3283 425 3350 Benedicta
446 3284 531 3350 XIV.
555 3286 587 3364 et
610 3285 666 3352 Pio
686 3286 740 3351 VI.
770 3285 888 3351 fectum
913 3287 977 3364 est,
1005 3283 1162 3350 Ecclesiae
1192 3286 1364 3364 thesauros,

13 3440 17 3456 .
118 3387 166 3451 nti
188 3386 306 3452 Romae
329 3386 432 3470 elapso
456 3407 535 3462 anno
557 3407 654 3466 sacro,
678 3389 725 3454 ita
746 3389 778 3453 iu
804 3389 957 3454 universis
987 3388 1070 3454 orbis
1099 3389 1214 3465 terrae,
1230 3389 1365 3472 regioni·
1462 3411 1465 3416 ’

116 3490 176 3553 bus
199 3489 377 3572 aperiendos
407 3490 439 3555 in
462 3491 595 3558 Domino
630 3494 817 3576 putavimus.
863 3492 995 3559 Proinde
1032 3491 1303 3582 constitutionem
1326 3493 1365 3558 ad

119 3591 277 3658 universos
301 3593 527 3660 Christifideles
553 3597 801 3681 edidimus'qua
820 3597 959 3664 bubilaei
976 3596 1114 3681 ejusdem
1137 3596 1363 3680 indulgentiam

118 3693 323 3775 extendimus,
347 3699 378 3763 et
401 3716 479 3781 quae
502 3697 554 3782 pia
577 3718 684 3784 opera,
709 3720 828 3787 quoque
847 3701 994 3785 temporis
1017 3701 1117 3784 spatio
1138 3701 1176 3766 ed
1198 3720 1266 3766 eam
1288 3719 1362 3766 con-

117 3798 308 3882 sequendam
330 3801 482 3884 praestari
502 3801 653 3884 debeant,
677 3802 944 3889 itempermissas
959 3814 961 3820 ’
977 3805 1106 3870 arbitrio
1137 3805 1239 3869 vestro
1265 3804 1364 3869 facul·

118 3904 202 3968 tates
224 3903 365 3988 injuncta
388 3923 480 3989 opera
496 3908 717 3987 commutandi,
741 3912 796 3975 eut
817 3909 990 3994 redigendi,
1013 3927 1119 3974 eorum
1132 3909 1296 3973 commodo
1311 3909 1363 3991 qui

117 4006 257 4090 impediti
280 4007 421 4093 legitime
444 4007 576 4088 ineunt,
605 4011 798 4084 indicamus,
821 4032 968 4096 eamque,
996 4014 1033 4077 ut
1055 4029 1108 4095 per
1129 4011 1190 4076 Vos
1220 4011 1363 4096 cognosci

117 4111 156 4175 ab
174 4113 316 4177 omnibus
338 4114 453 4196 possit,
476 4115 572 4179 Vobis
596 4115 761 4182 mittimus.
807 4116 843 4180 In
865 4136 898 4182 re
919 4118 1024 4181 antem
1057 4115 1234 4199 hujusmodi
1269 4133 1361 4196 quam
1471 4147 1478 4174 i

9 4223 10 4226 ’
116 4218 289 4281 necessaria
312 4235 402 4300 opera
429 4221 532 4285 vestra
555 4219 605 4297 sit,
629 4221 806 4304 quiantaque
829 4220 923 4286 Vobis
947 4221 1141 4284 contentione
1155 4220 1197 4284 sit
1218 4219 1362 4283 laboran-

116 4319 202 4397 dum,
226 4322 262 4384 ut
283 4320 390 4385 felices
413 4322 549 4387 consiliis
569 4322 684 4388 nostris
707 4323 807 4388 exitus
827 4321 1048 4406 respondeant,
1069 4323 1148 4386 nibil
1171 4335 1293 4386 necesse
1314 4322 1362 4384 cst

117 4421 231 4489 dicere.
277 4424 413 4489 Tantum
438 4427 518 4491 enim
552 4427 625 4493 boni
658 4447 693 4492 ex
716 4427 846 4500 solemni
880 4427 939 4491 bac
961 4427 1032 4491 anni
1052 4427 1131 4491 sacri
1155 4424 1361 4490 celebratione

116 4527 292 4610 percepturi
315 4529 389 4592 sunt
409 4529 524 4612 populi,
550 4535 699 4613 quantum
724 4531 905 4614 diligentiae
929 4529 1085 4612 studiique
1105 4529 1146 4592 ad
1168 4547 1216 4607 se,
1238 4530 1285 4594 uti
1306 4547 1361 4611 par

117 4632 175 4710 est,
197 4633 424 4716 praeparandos
444 4633 657 4713 adhibuerint3
681 4639 718 4701 ut
739 4637 845 4701 autem
865 4635 1034 4719 plurimum
1060 4632 1244 4711 adhibeant,
1269 4633 1302 4697 id
1326 4651 1361 4696 er

145 4735 239 4782 Archiv
254 4735 294 4784 fdr
311 4735 494 4784 Kirobenreoht.
512 4737 629 4786 xxxin.
1118 4769 1121 4784 i
1165 4738 1205 4800 25
