<?xml version="1.0" encoding="UTF-8"?>
<!DOCTYPE html PUBLIC "-//W3C//DTD XHTML 1.0 Transitional//EN"
    "http://www.w3.org/TR/xhtml1/DTD/xhtml1-transitional.dtd">
<html xmlns="http://www.w3.org/1999/xhtml" xml:lang="en" lang="en">
 <head>
  <title>
</title>
<meta http-equiv="Content-Type" content="text/html;charset=utf-8" />
  <meta name='ocr-system' content='tesseract 3.04.00' />
  <meta name='ocr-capabilities' content='ocr_page ocr_carea ocr_par ocr_line ocrx_word'/>
</head>
<body>
  <div class='ocr_page' id='page_1' title='image "./archivfrkatholi13unkngoog_0246.png"; bbox 0 0 3178 4962; ppageno 0'>
   <div class='ocr_carea' id='block_1_1' title="bbox 617 901 953 1000">
    <p class='ocr_par' dir='ltr' id='par_1_1' title="bbox 617 901 953 1000">
     <span class='ocr_line' id='line_1_1' title="bbox 617 901 953 1000; baseline 0.018 -20"><span class='ocrx_word' id='word_1_1' title='bbox 617 901 953 1000; x_wconf 76' lang='lat' dir='ltr'>Necessitas,</span> 
     </span>
    </p>
   </div>
   <div class='ocr_carea' id='block_1_2' title="bbox 134 1057 1407 1357">
    <p class='ocr_par' dir='ltr' id='par_1_2' title="bbox 134 1057 1407 1357">
     <span class='ocr_line' id='line_1_2' title="bbox 157 1057 1407 1162; baseline 0.004 -39"><span class='ocrx_word' id='word_1_2' title='bbox 157 1061 196 1123; x_wconf 80' lang='lat' dir='ltr'>ut</span> <span class='ocrx_word' id='word_1_3' title='bbox 214 1059 319 1162; x_wconf 75' lang='lat' dir='ltr'>prepis</span> <span class='ocrx_word' id='word_1_4' title='bbox 341 1059 554 1140; x_wconf 69' lang='lat' dir='ltr'>soliloquum</span> <span class='ocrx_word' id='word_1_5' title='bbox 577 1059 691 1126; x_wconf 79' lang='lat' dir='ltr'>eniteat</span> <span class='ocrx_word' id='word_1_6' title='bbox 723 1057 855 1140; x_wconf 78' lang='lat' dir='ltr'>Pastor,</span> <span class='ocrx_word' id='word_1_7' title='bbox 879 1083 895 1127; x_wconf 88' lang='lat' dir='ltr'>c</span> <span class='ocrx_word' id='word_1_8' title='bbox 917 1061 1035 1144; x_wconf 82' lang='lat' dir='ltr'>lepidus</span> <span class='ocrx_word' id='word_1_9' title='bbox 1056 1061 1221 1128; x_wconf 78' lang='lat' dir='ltr'><strong><em>Ecclesiae</em></strong></span> <span class='ocrx_word' id='word_1_10' title='bbox 1236 1059 1407 1144; x_wconf 64' lang='lat' dir='ltr'>‘ejusdum</span> 
     </span>
     <span class='ocr_line' id='line_1_3' title="bbox 134 1165 988 1258; baseline 0.006 -33"><span class='ocrx_word' id='word_1_11' title='bbox 134 1191 143 1204; x_wconf 88' lang='lat'>-·</span> <span class='ocrx_word' id='word_1_12' title='bbox 497 1253 501 1258; x_wconf 18' lang='grc' dir='ltr'><strong><em>ι</em></strong></span> <span class='ocrx_word' id='word_1_13' title='bbox 578 1184 635 1245; x_wconf 82' lang='lat' dir='ltr'>que</span> <span class='ocrx_word' id='word_1_14' title='bbox 654 1165 755 1245; x_wconf 79' lang='lat' dir='ltr'>preat</span> <span class='ocrx_word' id='word_1_15' title='bbox 773 1165 988 1232; x_wconf 81' lang='lat' dir='ltr'>demonstrato</span> 
     </span>
     <span class='ocr_line' id='line_1_4' title="bbox 602 1285 1007 1357; baseline 0.005 -19"><span class='ocrx_word' id='word_1_16' title='bbox 602 1285 681 1339; x_wconf 87' lang='lat' dir='ltr'>aDr.</span> <span class='ocrx_word' id='word_1_17' title='bbox 699 1285 765 1342; x_wconf 77' lang='lat' dir='ltr'>Joe.</span> <span class='ocrx_word' id='word_1_18' title='bbox 784 1285 955 1357; x_wconf 79' lang='lat' dir='ltr'>Symcrsicy.</span> <span class='ocrx_word' id='word_1_19' title='bbox 1005 1287 1007 1292; x_wconf 81' lang='grc'><strong>’</strong></span> 
     </span>
    </p>
   </div>
   <div class='ocr_carea' id='block_1_3' title="bbox 153 1356 1402 1547">
    <p class='ocr_par' dir='ltr' id='par_1_3' title="bbox 153 1356 1402 1547">
     <span class='ocr_line' id='line_1_5' title="bbox 153 1356 1402 1470; baseline 0.005 -32"><span class='ocrx_word' id='word_1_20' title='bbox 153 1399 227 1438; x_wconf 86' lang='lat' dir='ltr'>caes.</span> <span class='ocrx_word' id='word_1_21' title='bbox 247 1401 303 1456; x_wconf 84' lang='lat' dir='ltr'>reg.</span> <span class='ocrx_word' id='word_1_22' title='bbox 321 1386 476 1441; x_wconf 79' lang='lat' dir='ltr'>Professore</span> <span class='ocrx_word' id='word_1_23' title='bbox 494 1387 631 1445; x_wconf 74' lang='lat' dir='ltr'>Historiae</span> <span class='ocrx_word' id='word_1_24' title='bbox 655 1389 853 1446; x_wconf 87' lang='lat' dir='ltr'>ecclesiasticae</span> <span class='ocrx_word' id='word_1_25' title='bbox 866 1393 894 1444; x_wconf 89' lang='lat' dir='ltr'>et</span> <span class='ocrx_word' id='word_1_26' title='bbox 911 1389 1032 1470; x_wconf 69' lang='lat' dir='ltr'>Eccente</span> <span class='ocrx_word' id='word_1_27' title='bbox 1050 1389 1125 1445; x_wconf 88' lang='lat' dir='ltr'>Juris</span> <span class='ocrx_word' id='word_1_28' title='bbox 1137 1356 1266 1445; x_wconf 66' lang='lat' dir='ltr'>¹canonici</span> <span class='ocrx_word' id='word_1_29' title='bbox 1284 1391 1312 1444; x_wconf 90' lang='lat' dir='ltr'>iu</span> <span class='ocrx_word' id='word_1_30' title='bbox 1325 1390 1402 1444; x_wconf 93' lang='lat' dir='ltr'>theo·</span> 
     </span>
     <span class='ocr_line' id='line_1_6' title="bbox 562 1477 1099 1547; baseline 0 -15"><span class='ocrx_word' id='word_1_31' title='bbox 562 1477 652 1547; x_wconf 83' lang='lat' dir='ltr'>logica</span> <span class='ocrx_word' id='word_1_32' title='bbox 669 1477 803 1534; x_wconf 70' lang='lat' dir='ltr'>facultate</span> <span class='ocrx_word' id='word_1_33' title='bbox 821 1479 1000 1534; x_wconf 79' lang='lat' dir='ltr'>olomucensi.</span> <span class='ocrx_word' id='word_1_34' title='bbox 1093 1510 1099 1524; x_wconf 54' lang='lat'>2</span> 
     </span>
    </p>
   </div>
   <div class='ocr_carea' id='block_1_4' title="bbox 759 1602 834 1718">
    <p class='ocr_par' dir='ltr' id='par_1_4' title="bbox 759 1602 834 1718">
     <span class='ocr_line' id='line_1_7' title="bbox 759 1602 834 1718; baseline 0 -108"><span class='ocrx_word' id='word_1_35' title='bbox 759 1602 834 1718; x_wconf 27' lang='lat' dir='ltr'>A..</span> 
     </span>
    </p>
   </div>
   <div class='ocr_carea' id='block_1_5' title="bbox 183 1768 1401 2062">
    <p class='ocr_par' dir='ltr' id='par_1_5' title="bbox 183 1768 1401 2062">
     <span class='ocr_line' id='line_1_8' title="bbox 183 1768 1401 1870; baseline 0.002 -38"><span class='ocrx_word' id='word_1_36' title='bbox 183 1861 186 1868; x_wconf 89' lang='lat'>.</span> <span class='ocrx_word' id='word_1_37' title='bbox 264 1768 310 1833; x_wconf 88' lang='lat' dir='ltr'>Ob</span> <span class='ocrx_word' id='word_1_38' title='bbox 331 1769 558 1856; x_wconf 84' lang='lat' dir='ltr'>necessitatem,</span> <span class='ocrx_word' id='word_1_39' title='bbox 579 1772 616 1836; x_wconf 91' lang='lat' dir='ltr'>ut</span> <span class='ocrx_word' id='word_1_40' title='bbox 635 1771 740 1855; x_wconf 83' lang='lat' dir='ltr'>gregis</span> <span class='ocrx_word' id='word_1_41' title='bbox 760 1771 809 1836; x_wconf 87' lang='lat' dir='ltr'>sui</span> <span class='ocrx_word' id='word_1_42' title='bbox 833 1771 974 1857; x_wconf 81' lang='lat' dir='ltr'>linguam</span> <span class='ocrx_word' id='word_1_43' title='bbox 1003 1772 1116 1840; x_wconf 84' lang='lat' dir='ltr'>calleat</span> <span class='ocrx_word' id='word_1_44' title='bbox 1145 1772 1273 1848; x_wconf 77' lang='lat' dir='ltr'>Pastor,</span> <span class='ocrx_word' id='word_1_45' title='bbox 1298 1771 1401 1870; x_wconf 81' lang='lat' dir='ltr'>eutra-</span> 
     </span>
     <span class='ocr_line' id='line_1_9' title="bbox 245 1871 1005 1958; baseline 0.008 -23"><span class='ocrx_word' id='word_1_46' title='bbox 245 1871 311 1936; x_wconf 90' lang='lat' dir='ltr'>ueis</span> <span class='ocrx_word' id='word_1_47' title='bbox 331 1875 437 1958; x_wconf 88' lang='lat' dir='ltr'>septus</span> <span class='ocrx_word' id='word_1_48' title='bbox 456 1873 517 1938; x_wconf 85' lang='lat' dir='ltr'>luit</span> <span class='ocrx_word' id='word_1_49' title='bbox 539 1874 570 1939; x_wconf 91' lang='lat' dir='ltr'>et</span> <span class='ocrx_word' id='word_1_50' title='bbox 593 1875 641 1938; x_wconf 87' lang='lat' dir='ltr'>est</span> <span class='ocrx_word' id='word_1_51' title='bbox 664 1874 703 1938; x_wconf 89' lang='lat' dir='ltr'>ad</span> <span class='ocrx_word' id='word_1_52' title='bbox 724 1874 872 1940; x_wconf 86' lang='lat' dir='ltr'>beneficia</span> <span class='ocrx_word' id='word_1_53' title='bbox 892 1873 960 1940; x_wconf 88' lang='lat' dir='ltr'>adit</span> <span class='ocrx_word' id='word_1_54' title='bbox 998 1927 1005 1941; x_wconf 94' lang='lat'><strong>.</strong></span> 
     </span>
     <span class='ocr_line' id='line_1_10' title="bbox 265 1977 1401 2062; baseline 0.001 -22"><span class='ocrx_word' id='word_1_55' title='bbox 265 1977 382 2042; x_wconf 82' lang='lat' dir='ltr'>Rotam</span> <span class='ocrx_word' id='word_1_56' title='bbox 403 1977 554 2061; x_wconf 88' lang='lat' dir='ltr'>siquidem</span> <span class='ocrx_word' id='word_1_57' title='bbox 576 1979 754 2062; x_wconf 88' lang='lat' dir='ltr'>certumque</span> <span class='ocrx_word' id='word_1_58' title='bbox 775 1981 834 2058; x_wconf 88' lang='lat' dir='ltr'>cst,</span> <span class='ocrx_word' id='word_1_59' title='bbox 857 1978 1088 2062; x_wconf 88' lang='lat' dir='ltr'>optatissimum</span> <span class='ocrx_word' id='word_1_60' title='bbox 1108 1997 1229 2061; x_wconf 81' lang='lat' dir='ltr'>semper</span> <span class='ocrx_word' id='word_1_61' title='bbox 1244 1977 1401 2042; x_wconf 77' lang='lat' dir='ltr'>Ecclesiae</span> 
     </span>
    </p>
   </div>
   <div class='ocr_carea' id='block_1_6' title="bbox 160 2075 1544 2168">
    <p class='ocr_par' dir='ltr' id='par_1_6' title="bbox 160 2075 1544 2168">
     <span class='ocr_line' id='line_1_11' title="bbox 160 2075 1544 2168; baseline 0.004 -24"><span class='ocrx_word' id='word_1_62' title='bbox 160 2078 277 2162; x_wconf 81' lang='lat' dir='ltr'>luisse„</span> <span class='ocrx_word' id='word_1_63' title='bbox 303 2082 339 2145; x_wconf 83' lang='lat' dir='ltr'>uc</span> <span class='ocrx_word' id='word_1_64' title='bbox 370 2081 504 2165; x_wconf 82' lang='lat' dir='ltr'>regionis</span> <span class='ocrx_word' id='word_1_65' title='bbox 536 2083 744 2168; x_wconf 86' lang='lat' dir='ltr'>cujuscunque</span> <span class='ocrx_word' id='word_1_66' title='bbox 757 2075 919 2150; x_wconf 59' lang='lat' dir='ltr'>‘Beneficia</span> <span class='ocrx_word' id='word_1_67' title='bbox 951 2083 1091 2166; x_wconf 88' lang='lat' dir='ltr'>ejusdem</span> <span class='ocrx_word' id='word_1_68' title='bbox 1121 2080 1230 2148; x_wconf 88' lang='lat' dir='ltr'>incolis</span> <span class='ocrx_word' id='word_1_69' title='bbox 1264 2084 1296 2148; x_wconf 90' lang='lat' dir='ltr'>ct</span> <span class='ocrx_word' id='word_1_70' title='bbox 1330 2082 1401 2148; x_wconf 91' lang='lat' dir='ltr'>iude</span> <span class='ocrx_word' id='word_1_71' title='bbox 1540 2149 1544 2162; x_wconf 69' lang='grc'><strong>,</strong></span> 
     </span>
    </p>
   </div>
   <div class='ocr_carea' id='block_1_7' title="bbox 155 2185 1486 3315">
    <p class='ocr_par' dir='ltr' id='par_1_7' title="bbox 155 2185 1486 3315">
     <span class='ocr_line' id='line_1_12' title="bbox 156 2185 1402 2269; baseline 0.002 -19"><span class='ocrx_word' id='word_1_72' title='bbox 156 2185 319 2269; x_wconf 85' lang='lat' dir='ltr'>prognatis</span> <span class='ocrx_word' id='word_1_73' title='bbox 348 2187 566 2254; x_wconf 77' lang='lat' dir='ltr'>conferrentur.</span> <span class='ocrx_word' id='word_1_74' title='bbox 612 2189 751 2254; x_wconf 81' lang='lat' dir='ltr'>Ecclesia</span> <span class='ocrx_word' id='word_1_75' title='bbox 783 2189 924 2254; x_wconf 87' lang='lat' dir='ltr'>Romana</span> <span class='ocrx_word' id='word_1_76' title='bbox 954 2187 1129 2254; x_wconf 87' lang='lat' dir='ltr'>accuratius</span> <span class='ocrx_word' id='word_1_77' title='bbox 1160 2187 1230 2252; x_wconf 86' lang='lat' dir='ltr'>aliis</span> <span class='ocrx_word' id='word_1_78' title='bbox 1260 2187 1402 2252; x_wconf 86' lang='lat' dir='ltr'>omuibus</span> 
     </span>
     <span class='ocr_line' id='line_1_13' title="bbox 157 2289 1400 2386; baseline 0.004 -33"><span class='ocrx_word' id='word_1_79' title='bbox 157 2289 240 2354; x_wconf 90' lang='lat' dir='ltr'>hauc</span> <span class='ocrx_word' id='word_1_80' title='bbox 263 2291 403 2374; x_wconf 84' lang='lat' dir='ltr'>regulam</span> <span class='ocrx_word' id='word_1_81' title='bbox 439 2291 642 2371; x_wconf 87' lang='lat' dir='ltr'>observabat,</span> <span class='ocrx_word' id='word_1_82' title='bbox 675 2312 714 2358; x_wconf 92' lang='lat' dir='ltr'>nc</span> <span class='ocrx_word' id='word_1_83' title='bbox 745 2311 846 2377; x_wconf 56' lang='lat' dir='ltr'>quem,</span> <span class='ocrx_word' id='word_1_84' title='bbox 869 2311 993 2360; x_wconf 89' lang='lat' dir='ltr'>suorum</span> <span class='ocrx_word' id='word_1_85' title='bbox 1029 2291 1100 2386; x_wconf 78' lang='lat' dir='ltr'>aliis</span> <span class='ocrx_word' id='word_1_86' title='bbox 1134 2291 1271 2356; x_wconf 87' lang='lat' dir='ltr'>ecclesiis</span> <span class='ocrx_word' id='word_1_87' title='bbox 1301 2291 1400 2358; x_wconf 90' lang='lat' dir='ltr'>daret.</span> 
     </span>
     <span class='ocr_line' id='line_1_14' title="bbox 158 2391 1401 2484; baseline 0.001 -24"><span class='ocrx_word' id='word_1_88' title='bbox 158 2391 356 2478; x_wconf 80' lang='lat' dir='ltr'>Siugularem</span> <span class='ocrx_word' id='word_1_89' title='bbox 390 2395 471 2460; x_wconf 86' lang='lat' dir='ltr'>hauc</span> <span class='ocrx_word' id='word_1_90' title='bbox 492 2395 647 2462; x_wconf 79' lang='lat' dir='ltr'>Ecclesiae</span> <span class='ocrx_word' id='word_1_91' title='bbox 669 2397 828 2463; x_wconf 87' lang='lat' dir='ltr'>Romanae</span> <span class='ocrx_word' id='word_1_92' title='bbox 851 2397 990 2462; x_wconf 88' lang='lat' dir='ltr'>laudem</span> <span class='ocrx_word' id='word_1_93' title='bbox 1008 2395 1103 2461; x_wconf 85' lang='lat' dir='ltr'>dabat</span> <span class='ocrx_word' id='word_1_94' title='bbox 1136 2394 1315 2463; x_wconf 82' lang='lat' dir='ltr'>Hadrianus</span> <span class='ocrx_word' id='word_1_95' title='bbox 1348 2394 1401 2484; x_wconf 81' lang='lat' dir='ltr'>Iti.</span> 
     </span>
     <span class='ocr_line' id='line_1_15' title="bbox 155 2491 1400 2586; baseline 0 -22"><span class='ocrx_word' id='word_1_96' title='bbox 155 2497 239 2582; x_wconf 88' lang='lat' dir='ltr'>quod</span> <span class='ocrx_word' id='word_1_97' title='bbox 261 2517 429 2582; x_wconf 88' lang='lat' dir='ltr'>numquam</span> <span class='ocrx_word' id='word_1_98' title='bbox 451 2501 622 2583; x_wconf 85' lang='lat' dir='ltr'>pateretur,</span> <span class='ocrx_word' id='word_1_99' title='bbox 645 2501 699 2586; x_wconf 85' lang='lat' dir='ltr'>qui</span> <span class='ocrx_word' id='word_1_100' title='bbox 726 2501 786 2566; x_wconf 90' lang='lat' dir='ltr'>sibi</span> <span class='ocrx_word' id='word_1_101' title='bbox 809 2502 905 2568; x_wconf 86' lang='lat' dir='ltr'>semel</span> <span class='ocrx_word' id='word_1_102' title='bbox 935 2491 1047 2566; x_wconf 79' lang='lat' dir='ltr'>inserti</span> <span class='ocrx_word' id='word_1_103' title='bbox 1073 2495 1222 2579; x_wconf 81' lang='lat' dir='ltr'>inissent,</span> <span class='ocrx_word' id='word_1_104' title='bbox 1252 2499 1292 2564; x_wconf 91' lang='lat' dir='ltr'>ad</span> <span class='ocrx_word' id='word_1_105' title='bbox 1322 2498 1400 2564; x_wconf 88' lang='lat' dir='ltr'>alias</span> 
     </span>
     <span class='ocr_line' id='line_1_16' title="bbox 155 2601 1400 2694; baseline 0 -27"><span class='ocrx_word' id='word_1_106' title='bbox 155 2602 318 2668; x_wconf 77' lang='lat' dir='ltr'>transferri</span> <span class='ocrx_word' id='word_1_107' title='bbox 341 2603 520 2694; x_wconf 21' lang='lat' dir='ltr'>Ecclesiae.)</span> <span class='ocrx_word' id='word_1_108' title='bbox 530 2603 589 2670; x_wconf 85' lang='lat' dir='ltr'>Sed</span> <span class='ocrx_word' id='word_1_109' title='bbox 611 2624 647 2670; x_wconf 89' lang='lat' dir='ltr'>ea</span> <span class='ocrx_word' id='word_1_110' title='bbox 666 2625 727 2672; x_wconf 92' lang='lat' dir='ltr'>nou</span> <span class='ocrx_word' id='word_1_111' title='bbox 748 2607 815 2672; x_wconf 86' lang='lat' dir='ltr'>erat</span> <span class='ocrx_word' id='word_1_112' title='bbox 830 2606 987 2673; x_wconf 86' lang='lat' dir='ltr'>Romanae</span> <span class='ocrx_word' id='word_1_113' title='bbox 1009 2605 1166 2672; x_wconf 88' lang='lat' dir='ltr'>Ecclesiae</span> <span class='ocrx_word' id='word_1_114' title='bbox 1177 2601 1317 2687; x_wconf 86' lang='lat' dir='ltr'>propria,</span> <span class='ocrx_word' id='word_1_115' title='bbox 1339 2602 1400 2668; x_wconf 85' lang='lat' dir='ltr'>uisi</span> 
     </span>
     <span class='ocr_line' id='line_1_17' title="bbox 155 2694 1399 2794; baseline 0.002 -23"><span class='ocrx_word' id='word_1_116' title='bbox 155 2707 321 2792; x_wconf 82' lang='lat' dir='ltr'>diligentia</span> <span class='ocrx_word' id='word_1_117' title='bbox 342 2709 493 2792; x_wconf 87' lang='lat' dir='ltr'>quaedam</span> <span class='ocrx_word' id='word_1_118' title='bbox 516 2709 678 2792; x_wconf 84' lang='lat' dir='ltr'>potissima</span> <span class='ocrx_word' id='word_1_119' title='bbox 693 2710 773 2794; x_wconf 86' lang='lat' dir='ltr'>legis</span> <span class='ocrx_word' id='word_1_120' title='bbox 794 2709 1011 2788; x_wconf 84' lang='lat' dir='ltr'>observandae,</span> <span class='ocrx_word' id='word_1_121' title='bbox 1035 2694 1113 2792; x_wconf 83' lang='lat' dir='ltr'>quae</span> <span class='ocrx_word' id='word_1_122' title='bbox 1123 2709 1399 2775; x_wconf 84' lang='lat' dir='ltr'>Ecclesiasomires</span> 
     </span>
     <span class='ocr_line' id='line_1_18' title="bbox 155 2810 1400 2896; baseline 0 -20"><span class='ocrx_word' id='word_1_123' title='bbox 155 2810 235 2876; x_wconf 88' lang='lat' dir='ltr'>alias</span> <span class='ocrx_word' id='word_1_124' title='bbox 255 2813 526 2896; x_wconf 84' lang='lat' dir='ltr'>complectebatur,</span> <span class='ocrx_word' id='word_1_125' title='bbox 547 2815 583 2880; x_wconf 91' lang='lat' dir='ltr'>ut</span> <span class='ocrx_word' id='word_1_126' title='bbox 604 2833 641 2879; x_wconf 89' lang='lat' dir='ltr'>ue</span> <span class='ocrx_word' id='word_1_127' title='bbox 663 2814 822 2880; x_wconf 85' lang='lat' dir='ltr'>extraneos</span> <span class='ocrx_word' id='word_1_128' title='bbox 835 2813 1067 2892; x_wconf 74' lang='lat' dir='ltr'>‚admittereut,</span> <span class='ocrx_word' id='word_1_129' title='bbox 1095 2814 1131 2877; x_wconf 87' lang='lat' dir='ltr'>ut</span> <span class='ocrx_word' id='word_1_130' title='bbox 1164 2832 1211 2878; x_wconf 88' lang='lat' dir='ltr'>ue·</span> <span class='ocrx_word' id='word_1_131' title='bbox 1233 2830 1307 2878; x_wconf 88' lang='lat' dir='ltr'>suos</span> <span class='ocrx_word' id='word_1_132' title='bbox 1326 2832 1345 2876; x_wconf 89' lang='lat' dir='ltr'>a</span> <span class='ocrx_word' id='word_1_133' title='bbox 1367 2831 1400 2876; x_wconf 90' lang='lat' dir='ltr'>se</span> 
     </span>
     <span class='ocr_line' id='line_1_19' title="bbox 155 2909 1399 3002; baseline 0 -22"><span class='ocrx_word' id='word_1_134' title='bbox 155 2909 272 2996; x_wconf 81' lang='lat' dir='ltr'>divelli,</span> <span class='ocrx_word' id='word_1_135' title='bbox 296 2919 330 2982; x_wconf 90' lang='lat' dir='ltr'>et</span> <span class='ocrx_word' id='word_1_136' title='bbox 350 2917 412 2982; x_wconf 91' lang='lat' dir='ltr'>alic</span> <span class='ocrx_word' id='word_1_137' title='bbox 434 2917 569 3002; x_wconf 82' lang='lat' dir='ltr'>migrare</span> <span class='ocrx_word' id='word_1_138' title='bbox 592 2918 684 2986; x_wconf 85' lang='lat' dir='ltr'>facile</span> <span class='ocrx_word' id='word_1_139' title='bbox 702 2917 848 2986; x_wconf 85' lang='lat' dir='ltr'>sinerent.</span> <span class='ocrx_word' id='word_1_140' title='bbox 893 2917 1005 2988; x_wconf 87' lang='lat' dir='ltr'>Elucet</span> <span class='ocrx_word' id='word_1_141' title='bbox 1024 2917 1056 2982; x_wconf 93' lang='lat' dir='ltr'>id</span> <span class='ocrx_word' id='word_1_142' title='bbox 1080 2936 1115 2982; x_wconf 83' lang='lat' dir='ltr'>en</span> <span class='ocrx_word' id='word_1_143' title='bbox 1139 2916 1285 2999; x_wconf 88' lang='lat' dir='ltr'>epistola,</span> <span class='ocrx_word' id='word_1_144' title='bbox 1306 2933 1399 2999; x_wconf 88' lang='lat' dir='ltr'>quam</span> 
     </span>
     <span class='ocr_line' id='line_1_20' title="bbox 155 3007 1399 3105; baseline -0.005 -17"><span class='ocrx_word' id='word_1_145' title='bbox 155 3021 195 3088; x_wconf 80' lang='lat' dir='ltr'>u</span> <span class='ocrx_word' id='word_1_146' title='bbox 217 3022 252 3086; x_wconf 91' lang='lat' dir='ltr'>P.</span> <span class='ocrx_word' id='word_1_147' title='bbox 266 3020 450 3087; x_wconf 78' lang='lat' dir='ltr'>Hadrianus</span> <span class='ocrx_word' id='word_1_148' title='bbox 471 3020 526 3088; x_wconf 89' lang='lat' dir='ltr'>IV.</span> <span class='ocrx_word' id='word_1_149' title='bbox 546 3022 633 3088; x_wconf 89' lang='lat' dir='ltr'>dedit</span> <span class='ocrx_word' id='word_1_150' title='bbox 649 3022 693 3101; x_wconf 34' lang='lat' dir='ltr'>,ad</span> <span class='ocrx_word' id='word_1_151' title='bbox 713 3007 931 3105; x_wconf 69' lang='lat' dir='ltr'>imperatorem</span> <span class='ocrx_word' id='word_1_152' title='bbox 953 3019 1145 3097; x_wconf 80' lang='lat' dir='ltr'>Eridericum</span> <span class='ocrx_word' id='word_1_153' title='bbox 1169 3019 1204 3101; x_wconf 89' lang='grc'>1.,</span> <span class='ocrx_word' id='word_1_154' title='bbox 1228 3019 1324 3096; x_wconf 77' lang='lat' dir='ltr'>atilli</span> <span class='ocrx_word' id='word_1_155' title='bbox 1344 3038 1399 3102; x_wconf 88' lang='lat' dir='ltr'>ap·</span> 
     </span>
     <span class='ocr_line' id='line_1_21' title="bbox 155 3122 1486 3209; baseline -0.002 -19"><span class='ocrx_word' id='word_1_156' title='bbox 155 3127 302 3209; x_wconf 81' lang='lat' dir='ltr'>probaret</span> <span class='ocrx_word' id='word_1_157' title='bbox 326 3125 489 3192; x_wconf 89' lang='lat' dir='ltr'>consilium</span> <span class='ocrx_word' id='word_1_158' title='bbox 509 3127 668 3193; x_wconf 84' lang='lat' dir='ltr'>relaxandi</span> <span class='ocrx_word' id='word_1_159' title='bbox 690 3127 846 3194; x_wconf 86' lang='lat' dir='ltr'>Ecclesiae</span> <span class='ocrx_word' id='word_1_160' title='bbox 874 3127 1031 3192; x_wconf 55' lang='lat' dir='ltr'>&amp;manae</span> <span class='ocrx_word' id='word_1_161' title='bbox 1054 3122 1249 3201; x_wconf 86' lang='lat' dir='ltr'>Subdiaccui,</span> <span class='ocrx_word' id='word_1_162' title='bbox 1276 3122 1336 3190; x_wconf 89' lang='lat' dir='ltr'>etsi</span> <span class='ocrx_word' id='word_1_163' title='bbox 1359 3123 1399 3188; x_wconf 85' lang='lat' dir='ltr'>ad</span> <span class='ocrx_word' id='word_1_164' title='bbox 1484 3137 1486 3142; x_wconf 61' lang='lat'>‘</span> 
     </span>
     <span class='ocr_line' id='line_1_22' title="bbox 156 3227 1400 3315; baseline -0.003 -19"><span class='ocrx_word' id='word_1_165' title='bbox 156 3229 313 3296; x_wconf 84' lang='lat' dir='ltr'>Ecclesiae</span> <span class='ocrx_word' id='word_1_166' title='bbox 333 3229 522 3296; x_wconf 85' lang='lat' dir='ltr'>Ravennatis</span> <span class='ocrx_word' id='word_1_167' title='bbox 542 3229 850 3315; x_wconf 77' lang='lat' dir='ltr'>Arcaiapiscopacum</span> <span class='ocrx_word' id='word_1_168' title='bbox 873 3227 1092 3314; x_wconf 80' lang='lat' dir='ltr'>postularetur.</span> <span class='ocrx_word' id='word_1_169' title='bbox 1142 3227 1400 3296; x_wconf 83' lang='lat' dir='ltr'>›Conuenientius</span> 
     </span>
    </p>
   </div>
   <div class='ocr_carea' id='block_1_8' title="bbox 54 3332 1399 3418">
    <p class='ocr_par' dir='ltr' id='par_1_8' title="bbox 54 3332 1399 3418">
     <span class='ocr_line' id='line_1_23' title="bbox 54 3332 1399 3418; baseline -0.003 -18"><span class='ocrx_word' id='word_1_170' title='bbox 54 3357 63 3372; x_wconf 75' lang='lat'><strong><em>¹</em></strong></span> <span class='ocrx_word' id='word_1_171' title='bbox 156 3333 310 3418; x_wconf 74' lang='lat' dir='ltr'>siquidum</span> <span class='ocrx_word' id='word_1_172' title='bbox 333 3335 398 3398; x_wconf 81' lang='lat' dir='ltr'>est«</span> <span class='ocrx_word' id='word_1_173' title='bbox 422 3333 532 3398; x_wconf 83' lang='lat' dir='ltr'>scribit</span> <span class='ocrx_word' id='word_1_174' title='bbox 556 3334 709 3415; x_wconf 81' lang='lat' dir='ltr'>Pontifex,</span> <span class='ocrx_word' id='word_1_175' title='bbox 735 3337 770 3400; x_wconf 90' lang='lat' dir='ltr'>ut</span> <span class='ocrx_word' id='word_1_176' title='bbox 790 3335 842 3418; x_wconf 90' lang='lat' dir='ltr'>qui</span> <span class='ocrx_word' id='word_1_177' title='bbox 865 3335 949 3415; x_wconf 87' lang='lat' dir='ltr'>filius</span> <span class='ocrx_word' id='word_1_178' title='bbox 969 3335 1001 3400; x_wconf 87' lang='lat' dir='ltr'>ct</span> <span class='ocrx_word' id='word_1_179' title='bbox 1022 3332 1160 3398; x_wconf 74' lang='lat' dir='ltr'>Clericus</span> <span class='ocrx_word' id='word_1_180' title='bbox 1175 3333 1223 3397; x_wconf 87' lang='lat' dir='ltr'>est</span> <span class='ocrx_word' id='word_1_181' title='bbox 1243 3333 1399 3397; x_wconf 68' lang='lat' dir='ltr'>minaces</span> 
     </span>
    </p>
   </div>
   <div class='ocr_carea' id='block_1_9' title="bbox 150 3425 1471 4462">
    <p class='ocr_par' dir='ltr' id='par_1_9' title="bbox 150 3425 1401 3627">
     <span class='ocr_line' id='line_1_24' title="bbox 150 3425 1401 3522; baseline -0.005 -18"><span class='ocrx_word' id='word_1_182' title='bbox 150 3438 325 3519; x_wconf 78' lang='lat' dir='ltr'>Ecclesiae,</span> <span class='ocrx_word' id='word_1_183' title='bbox 349 3425 477 3522; x_wconf 74' lang='lat' dir='ltr'>atejus</span> <span class='ocrx_word' id='word_1_184' title='bbox 496 3438 615 3522; x_wconf 86' lang='lat' dir='ltr'>gremio</span> <span class='ocrx_word' id='word_1_185' title='bbox 627 3457 687 3504; x_wconf 92' lang='lat' dir='ltr'>nou</span> <span class='ocrx_word' id='word_1_186' title='bbox 701 3439 844 3516; x_wconf 80' lang='lat' dir='ltr'>recedat3</span> <span class='ocrx_word' id='word_1_187' title='bbox 867 3440 899 3504; x_wconf 90' lang='lat' dir='ltr'>et</span> <span class='ocrx_word' id='word_1_188' title='bbox 918 3439 987 3522; x_wconf 87' lang='lat' dir='ltr'>ipsa</span> <span class='ocrx_word' id='word_1_189' title='bbox 1007 3437 1036 3503; x_wconf 91' lang='lat' dir='ltr'>ei</span> <span class='ocrx_word' id='word_1_190' title='bbox 1056 3438 1138 3502; x_wconf 92' lang='lat' dir='ltr'>circa</span> <span class='ocrx_word' id='word_1_191' title='bbox 1154 3454 1186 3500; x_wconf 89' lang='lat' dir='ltr'>se</span> <span class='ocrx_word' id='word_1_192' title='bbox 1208 3436 1310 3500; x_wconf 88' lang='lat' dir='ltr'>locum</span> <span class='ocrx_word' id='word_1_193' title='bbox 1331 3435 1401 3518; x_wconf 80' lang='lat' dir='ltr'>dig-</span> 
     </span>
     <span class='ocr_line' id='line_1_25' title="bbox 158 3540 1061 3627; baseline -0.007 -19"><span class='ocrx_word' id='word_1_194' title='bbox 158 3540 270 3608; x_wconf 85' lang='lat' dir='ltr'>uitatis</span> <span class='ocrx_word' id='word_1_195' title='bbox 292 3541 460 3620; x_wconf 83' lang='lat' dir='ltr'>conterens,</span> <span class='ocrx_word' id='word_1_196' title='bbox 483 3542 588 3614; x_wconf 66' lang='lat' dir='ltr'>cidem,</span> <span class='ocrx_word' id='word_1_197' title='bbox 605 3543 677 3627; x_wconf 75' lang='lat' dir='ltr'>iude</span> <span class='ocrx_word' id='word_1_198' title='bbox 699 3543 858 3627; x_wconf 75' lang='lat' dir='ltr'>provideat</span> <span class='ocrx_word' id='word_1_199' title='bbox 883 3542 1061 3626; x_wconf 57' lang='lat' dir='ltr'>attenua</span> 
     </span>
    </p>

    <p class='ocr_par' dir='ltr' id='par_1_10' title="bbox 154 3645 1471 4462">
     <span class='ocr_line' id='line_1_26' title="bbox 263 3645 1400 3741; baseline -0.003 -31"><span class='ocrx_word' id='word_1_200' title='bbox 263 3646 419 3741; x_wconf 85' lang='lat' dir='ltr'>Perquam</span> <span class='ocrx_word' id='word_1_201' title='bbox 441 3645 823 3731; x_wconf 86' lang='lat' dir='ltr'>circumspeetccavebaut</span> <span class='ocrx_word' id='word_1_202' title='bbox 845 3647 939 3715; x_wconf 78' lang='lat' dir='ltr'>etiaim</span> <span class='ocrx_word' id='word_1_203' title='bbox 963 3649 1001 3712; x_wconf 80' lang='lat' dir='ltr'>a.</span> <span class='ocrx_word' id='word_1_204' title='bbox 1023 3646 1198 3724; x_wconf 84' lang='lat' dir='ltr'>Pontifices,</span> <span class='ocrx_word' id='word_1_205' title='bbox 1221 3663 1258 3710; x_wconf 86' lang='lat' dir='ltr'>nc</span> <span class='ocrx_word' id='word_1_206' title='bbox 1271 3659 1400 3726; x_wconf 71' lang='lat' dir='ltr'>usquam</span> 
     </span>
     <span class='ocr_line' id='line_1_27' title="bbox 159 3743 1402 3835; baseline -0.003 -19"><span class='ocrx_word' id='word_1_207' title='bbox 159 3749 307 3816; x_wconf 90' lang='lat' dir='ltr'>Ecclesiis</span> <span class='ocrx_word' id='word_1_208' title='bbox 330 3751 490 3816; x_wconf 86' lang='lat' dir='ltr'>extrancos</span> <span class='ocrx_word' id='word_1_209' title='bbox 510 3752 713 3835; x_wconf 87' lang='lat' dir='ltr'>praeficerent</span> <span class='ocrx_word' id='word_1_210' title='bbox 732 3753 884 3822; x_wconf 87' lang='lat' dir='ltr'>Pastores.</span> <span class='ocrx_word' id='word_1_211' title='bbox 915 3751 967 3818; x_wconf 87' lang='lat' dir='ltr'>Sic</span> <span class='ocrx_word' id='word_1_212' title='bbox 990 3749 1188 3816; x_wconf 87' lang='lat' dir='ltr'>Innocentius</span> <span class='ocrx_word' id='word_1_213' title='bbox 1205 3743 1262 3814; x_wconf 85' lang='lat' dir='ltr'>Ill.</span> <span class='ocrx_word' id='word_1_214' title='bbox 1281 3747 1402 3832; x_wconf 73' lang='lat' dir='ltr'>dirigo·</span> 
     </span>
     <span class='ocr_line' id='line_1_28' title="bbox 159 3852 1402 3941; baseline -0.002 -23"><span class='ocrx_word' id='word_1_215' title='bbox 159 3852 260 3920; x_wconf 86' lang='lat' dir='ltr'>nicusi</span> <span class='ocrx_word' id='word_1_216' title='bbox 279 3854 312 3918; x_wconf 92' lang='lat' dir='ltr'>iu</span> <span class='ocrx_word' id='word_1_217' title='bbox 332 3855 497 3939; x_wconf 87' lang='lat' dir='ltr'>Hungaria</span> <span class='ocrx_word' id='word_1_218' title='bbox 517 3857 682 3941; x_wconf 84' lang='lat' dir='ltr'>Metropoli</span> <span class='ocrx_word' id='word_1_219' title='bbox 694 3856 967 3940; x_wconf 78' lang='lat' dir='ltr'>acchiepiscopum</span> <span class='ocrx_word' id='word_1_220' title='bbox 990 3855 1130 3930; x_wconf 87' lang='lat' dir='ltr'>daturus,</span> <span class='ocrx_word' id='word_1_221' title='bbox 1153 3854 1235 3918; x_wconf 87' lang='lat' dir='ltr'>tanti</span> <span class='ocrx_word' id='word_1_222' title='bbox 1253 3853 1402 3919; x_wconf 84' lang='lat' dir='ltr'>momenti</span> 
     </span>
     <span class='ocr_line' id='line_1_29' title="bbox 159 3956 1402 4044; baseline -0.001 -20"><span class='ocrx_word' id='word_1_223' title='bbox 159 3975 227 4024; x_wconf 86' lang='lat' dir='ltr'>csse</span> <span class='ocrx_word' id='word_1_224' title='bbox 249 3958 356 4039; x_wconf 83' lang='lat' dir='ltr'>duxit,</span> <span class='ocrx_word' id='word_1_225' title='bbox 393 3961 430 4024; x_wconf 90' lang='lat' dir='ltr'>ut</span> <span class='ocrx_word' id='word_1_226' title='bbox 449 3979 487 4025; x_wconf 89' lang='lat' dir='ltr'>ne</span> <span class='ocrx_word' id='word_1_227' title='bbox 511 3961 655 4027; x_wconf 83' lang='lat' dir='ltr'>extranco</span> <span class='ocrx_word' id='word_1_228' title='bbox 684 3961 829 4044; x_wconf 88' lang='lat' dir='ltr'>cuiquam</span> <span class='ocrx_word' id='word_1_229' title='bbox 850 3959 988 4025; x_wconf 89' lang='lat' dir='ltr'>Ecclesia</span> <span class='ocrx_word' id='word_1_230' title='bbox 1008 3958 1064 4025; x_wconf 89' lang='lat' dir='ltr'>illa</span> <span class='ocrx_word' id='word_1_231' title='bbox 1087 3956 1286 4035; x_wconf 87' lang='lat' dir='ltr'>crederetur,</span> <span class='ocrx_word' id='word_1_232' title='bbox 1308 3959 1344 4023; x_wconf 88' lang='lat' dir='ltr'>ut</span> <span class='ocrx_word' id='word_1_233' title='bbox 1367 3977 1402 4023; x_wconf 94' lang='lat' dir='ltr'>eo</span> 
     </span>
     <span class='ocr_line' id='line_1_30' title="bbox 161 4061 1471 4148; baseline 0.002 -22"><span class='ocrx_word' id='word_1_234' title='bbox 161 4061 328 4129; x_wconf 86' lang='lat' dir='ltr'>transferre</span> <span class='ocrx_word' id='word_1_235' title='bbox 351 4065 497 4130; x_wconf 87' lang='lat' dir='ltr'>maluerit</span> <span class='ocrx_word' id='word_1_236' title='bbox 519 4063 793 4148; x_wconf 87' lang='lat' dir='ltr'>Metropolitanum</span> <span class='ocrx_word' id='word_1_237' title='bbox 817 4063 1023 4143; x_wconf 71' lang='lat' dir='ltr'>(tolosensem,</span> <span class='ocrx_word' id='word_1_238' title='bbox 1047 4082 1139 4146; x_wconf 89' lang='lat' dir='ltr'>quem</span> <span class='ocrx_word' id='word_1_239' title='bbox 1162 4065 1257 4147; x_wconf 87' lang='lat' dir='ltr'>probe</span> <span class='ocrx_word' id='word_1_240' title='bbox 1276 4065 1403 4128; x_wconf 85' lang='lat' dir='ltr'>neverat</span> <span class='ocrx_word' id='word_1_241' title='bbox 1469 4089 1471 4093; x_wconf 93' lang='lat'>·</span> 
     </span>
     <span class='ocr_line' id='line_1_31' title="bbox 154 4165 1402 4252; baseline 0.001 -22"><span class='ocrx_word' id='word_1_242' title='bbox 154 4165 305 4249; x_wconf 72' lang='lat' dir='ltr'>Capitale</span> <span class='ocrx_word' id='word_1_243' title='bbox 316 4165 522 4252; x_wconf 73' lang='lat' dir='ltr'>strigoniensi</span> <span class='ocrx_word' id='word_1_244' title='bbox 534 4168 749 4251; x_wconf 83' lang='lat' dir='ltr'>gratissimum</span> <span class='ocrx_word' id='word_1_245' title='bbox 760 4169 835 4248; x_wconf 87' lang='lat' dir='ltr'>fore,</span> <span class='ocrx_word' id='word_1_246' title='bbox 858 4187 950 4252; x_wconf 89' lang='lat' dir='ltr'>quam</span> <span class='ocrx_word' id='word_1_247' title='bbox 963 4166 1128 4252; x_wconf 81' lang='lat' dir='ltr'>praeficere</span> <span class='ocrx_word' id='word_1_248' title='bbox 1144 4166 1244 4232; x_wconf 87' lang='lat' dir='ltr'>cidem</span> <span class='ocrx_word' id='word_1_249' title='bbox 1257 4167 1402 4244; x_wconf 88' lang='lat' dir='ltr'>alienum,</span> 
     </span>
     <span class='ocr_line' id='line_1_32' title="bbox 160 4270 1403 4356; baseline -0.002 -22"><span class='ocrx_word' id='word_1_250' title='bbox 160 4271 303 4353; x_wconf 84' lang='lat' dir='ltr'>quamvis</span> <span class='ocrx_word' id='word_1_251' title='bbox 324 4270 458 4353; x_wconf 84' lang='lat' dir='ltr'>provisio</span> <span class='ocrx_word' id='word_1_252' title='bbox 480 4273 538 4336; x_wconf 88' lang='lat' dir='ltr'>hac</span> <span class='ocrx_word' id='word_1_253' title='bbox 559 4273 627 4337; x_wconf 87' lang='lat' dir='ltr'>vice</span> <span class='ocrx_word' id='word_1_254' title='bbox 647 4273 687 4337; x_wconf 91' lang='lat' dir='ltr'>ad</span> <span class='ocrx_word' id='word_1_255' title='bbox 707 4293 778 4338; x_wconf 90' lang='lat' dir='ltr'>eum</span> <span class='ocrx_word' id='word_1_256' title='bbox 801 4273 980 4356; x_wconf 89' lang='lat' dir='ltr'>pertineret,</span> <span class='ocrx_word' id='word_1_257' title='bbox 1001 4272 1109 4355; x_wconf 88' lang='lat' dir='ltr'>utpote</span> <span class='ocrx_word' id='word_1_258' title='bbox 1131 4291 1227 4355; x_wconf 87' lang='lat' dir='ltr'>quum</span> <span class='ocrx_word' id='word_1_259' title='bbox 1250 4289 1311 4336; x_wconf 86' lang='lat' dir='ltr'>una</span> <span class='ocrx_word' id='word_1_260' title='bbox 1334 4288 1403 4354; x_wconf 87' lang='lat' dir='ltr'>pars</span> 
     </span>
     <span class='ocr_line' id='line_1_33' title="bbox 160 4373 1401 4462; baseline -0.002 -22"><span class='ocrx_word' id='word_1_261' title='bbox 160 4375 330 4458; x_wconf 83' lang='lat' dir='ltr'>electorum</span> <span class='ocrx_word' id='word_1_262' title='bbox 350 4376 540 4459; x_wconf 88' lang='lat' dir='ltr'>postulasset</span> <span class='ocrx_word' id='word_1_263' title='bbox 562 4376 834 4462; x_wconf 84' lang='lat' dir='ltr'>Archiepiscopum</span> <span class='ocrx_word' id='word_1_264' title='bbox 860 4376 1077 4456; x_wconf 85' lang='lat' dir='ltr'>Coloceusem,</span> <span class='ocrx_word' id='word_1_265' title='bbox 1100 4375 1295 4445; x_wconf 75' lang='lat' dir='ltr'>alienatore</span> <span class='ocrx_word' id='word_1_266' title='bbox 1310 4373 1401 4456; x_wconf 90' lang='lat' dir='ltr'>Epis-</span> 
     </span>
    </p>
   </div>
   <div class='ocr_carea' id='block_1_10' title="bbox 221 4588 1241 4746">
    <p class='ocr_par' dir='ltr' id='par_1_11' title="bbox 221 4588 1241 4746">
     <span class='ocr_line' id='line_1_34' title="bbox 221 4588 744 4670; baseline 0.004 -16"><span class='ocrx_word' id='word_1_267' title='bbox 221 4588 228 4594; x_wconf 63' lang='grc'><strong><em>’</em></strong></span> <span class='ocrx_word' id='word_1_268' title='bbox 269 4603 295 4670; x_wconf 89' lang='lat'>1)</span> <span class='ocrx_word' id='word_1_269' title='bbox 313 4602 445 4661; x_wconf 86' lang='lat' dir='ltr'>Barouius</span> <span class='ocrx_word' id='word_1_270' title='bbox 465 4601 500 4656; x_wconf 91' lang='lat' dir='ltr'>ad</span> <span class='ocrx_word' id='word_1_271' title='bbox 518 4618 561 4656; x_wconf 89' lang='lat' dir='ltr'>au.</span> <span class='ocrx_word' id='word_1_272' title='bbox 581 4605 657 4658; x_wconf 85' lang='lat'>1159.</span> <span class='ocrx_word' id='word_1_273' title='bbox 675 4619 701 4656; x_wconf 89' lang='lat' dir='ltr'>n.</span> <span class='ocrx_word' id='word_1_274' title='bbox 719 4603 744 4656; x_wconf 88' lang='grc'>3.</span> 
     </span>
     <span class='ocr_line' id='line_1_35' title="bbox 265 4670 1241 4746; baseline -0.004 0"><span class='ocrx_word' id='word_1_275' title='bbox 265 4695 362 4746; x_wconf 69' lang='lat' dir='ltr'>creare</span> <span class='ocrx_word' id='word_1_276' title='bbox 375 4697 415 4744; x_wconf 72' lang='lat' dir='ltr'>rer</span> <span class='ocrx_word' id='word_1_277' title='bbox 432 4697 621 4744; x_wconf 59' lang='lat' dir='ltr'>attenuarant.</span> <span class='ocrx_word' id='word_1_278' title='bbox 639 4697 754 4744; x_wconf 84' lang='grc' dir='ltr'>ιιιιιιιιι.</span> <span class='ocrx_word' id='word_1_279' title='bbox 1203 4670 1241 4732; x_wconf 73' lang='lat' dir='ltr'>lii</span> 
     </span>
    </p>
   </div>
   <div class='ocr_carea' id='block_1_11' title="bbox 0 0 1602 4962">
    <p class='ocr_par' dir='ltr' id='par_1_12' title="bbox 0 0 1602 4962">
     <span class='ocr_line' id='line_1_36' title="bbox 0 0 1602 4962; baseline 0 0"><span class='ocrx_word' id='word_1_280' title='bbox 0 0 1602 4962; x_wconf 95' lang='lat' dir='ltr'> </span> 
     </span>
    </p>
   </div>
  </div>
 </body>
</html>
