3150 4978
397 310 464 368 Dae
482 309 709 367 Poeottentiole
733 309 963 370 Valtoellaaom
978 295 1014 370 E.
1032 312 1078 369 15.
1313 293 1355 362 43

33 453 34 456 ¹
120 485 238 570 aooepit
256 484 311 551 det
333 483 518 570 pauperibus
542 483 649 567 etqui
671 481 771 548 aliene
793 485 920 568 peccata
939 503 1029 572 super
1042 503 1074 552 se
1096 484 1274 570 susceperit,
1297 503 1356 551 non

120 592 165 657 est
188 589 301 678 dignus
324 587 476 656 nominari
498 586 694 654 christianus.

552 692 600 758 De
622 693 703 758 sorte
725 692 912 759 sanctorum.

404 795 512 881 (Mers.
536 815 561 864 e.
585 797 635 862 26.
658 796 822 862 Ps.·Rom.
846 814 872 862 e.
895 796 952 862 VI.
975 795 1002 881 6.
1025 795 1069 881 4.)

227 903 306 971 CXI.
329 902 362 970 si
378 901 446 986 quis
468 902 565 967 sortes
580 902 767 980 sanatorum,
789 919 864 983 quas
880 901 993 966 eontra
1013 901 1164 967 rationem
1176 903 1286 968 vooant
1307 903 1356 968 vel

119 1008 195 1074 alias
227 1010 326 1074 sortes
348 1004 494 1072 habuerit
514 1005 563 1070 vel
586 1023 782 1089 quaecunque
806 1003 889 1070 aliud
912 1003 1071 1092 ingenium
1104 1005 1232 1071 sortitus
1262 1003 1357 1071 fuerit

120 1113 163 1179 uel
186 1110 379 1180 veneraverit
400 1109 450 1175 111
473 1129 521 1176 an.
546 1109 692 1192 peniteat.

226 1214 354 1283 Glossa:
399 1212 503 1280 Sortes
525 1213 701 1279 sanctorum
724 1214 806 1292 sunt,
829 1229 905 1295 ques
924 1210 957 1276 in
979 1212 1049 1277 einu
1070 1210 1120 1277 vel
1142 1212 1259 1296 gremio
1282 1211 1356 1278 mit-

118 1321 226 1388 tuntur
257 1339 312 1403 pro
345 1317 554 1402 qualeeunque
586 1334 679 1382 cauea
709 1317 774 1383 siue
806 1334 860 1401 pro
893 1316 974 1381 bona
997 1314 1062 1380 sive
1085 1335 1139 1399 pro
1161 1315 1266 1395 mala,
1296 1335 1355 1399 quo

125 1423 273 1490 erenirmt.

323 1585 328 1592 ,
419 1523 526 1609 (More.
550 1541 576 1589 o.
602 1523 672 1590 139.
696 1521 790 1608 Greg.
814 1541 839 1590 o.
863 1523 916 1590 63.
937 1523 970 1588 et
993 1523 1058 1604 64.)

222 1628 318 1696 CXII.
352 1629 386 1696 Si
418 1629 486 1714 quis
516 1628 565 1694 vel
589 1629 616 1693 si
649 1647 710 1712 que
744 1628 956 1713 virginitatem
992 1626 1147 1711 promittit
1178 1629 1283 1713 postea
1316 1628 1355 1693 ad

112 1734 255 1821 jungitur
278 1734 364 1800 uxori
385 1753 447 1799 non
467 1731 607 1798 dimittat
630 1751 707 1811 eam,
732 1731 785 1798 sed
808 1731 1075 1828 frangendarum
1098 1731 1170 1797 vota
1192 1732 1292 1798 stulta
1322 1733 1353 1798 et

117 1839 162 1904 ΙΙΙ
184 1857 255 1905 ann.
279 1837 311 1903 in
333 1856 412 1922 pane
435 1838 467 1902 et
488 1854 568 1922 aqua
585 1836 736 1918 peniteat.

408 1958 513 2044 (Mers.
538 1976 563 2026 o.
588 1959 640 2023 27.
660 1957 818 2024 Ps.·Rom.
843 1977 867 2022 o.
893 1957 946 2023 VI.
969 1957 998 2042 g.
1023 1958 1068 2046 5.)

220 2062 330 2129 exul.
353 2062 478 2147 Siquis
501 2061 539 2128 ad
563 2062 702 2127 arborem
726 2061 775 2128 vel
799 2060 838 2126 ad
861 2061 961 2128 fontes
992 2064 1048 2130 aut
1070 2063 1109 2129 ad
1132 2063 1283 2130 oanoellas
1308 2062 1355 2127 vel

121 2166 290 2251 ubieunque
314 2169 438 2252 excepto
460 2168 492 2232 iu
517 2166 646 2232 ecclesie
669 2167 777 2232 votum
805 2167 933 2246 voverit,
956 2169 1010 2233 aut
1044 2167 1170 2234 solverit
1201 2168 1251 2233 III
1283 2186 1354 2233 ann.

116 2273 273 2355 peniteat,
294 2272 368 2358 quia
391 2274 423 2336 et
445 2269 722 2366 hooflsaorilegiurn
752 2269 802 2335 vel
839 2268 1014 2335 demonium
1047 2272 1103 2338 eet.
1148 2271 1208 2353 Qui
1239 2270 1353 2336 ibidem

116 2375 211 2442 oderit
234 2377 289 2441 aut
311 2375 435 2455 biberit,
457 2395 570 2441 annum
593 2374 751 2458 integrum
774 2373 807 2437 in
829 2392 907 2456 pane
930 2376 963 2440 et
984 2393 1063 2459 aqua
1085 2375 1251 2458 poeniteat.

132 2495 239 2580 (Mers.
263 2516 288 2563 o.
312 2497 364 2562 28.
386 2495 475 2563 Rom.
499 2514 524 2562 o.
546 2495 587 2561 ll.
608 2495 635 2578 ἕ.
658 2495 687 2562 7.
712 2493 785 2561 Con.
809 2494 936 2561 Nioeen.
961 2515 985 2561 o.
1010 2497 1061 2563 12.
1085 2495 1202 2581 Agath.
1227 2513 1253 2562 o.
1277 2498 1321 2580 9.)

215 2599 344 2666 CXIIII.
371 2598 494 2685 Siquis
526 2598 655 2664 olerious
683 2601 847 2683 postquam
866 2618 899 2664 se
923 2600 985 2665 Deo
1007 2599 1091 2667 vovit
1120 2601 1153 2668 et
1175 2602 1290 2666 itemm
1312 2599 1353 2664 ed

112 2707 282 2772 secularem
303 2705 445 2771 habitum
461 2704 541 2770 siout
559 2703 642 2768 oanis
666 2704 704 2770 acl
722 2705 873 2770 vomitum
896 2724 1035 2771 reversus
1058 2705 1152 2771 luerit
1169 2706 1219 2771 vel
1230 2723 1353 2770 uxorem

112 2809 274 2877 drmeritX
297 2829 366 2875 ann.
386 2809 534 2892 peniteat,
545 2807 593 2872 III
617 2827 653 2872 ex
677 2807 725 2871 his
745 2807 777 2871 in
796 2827 875 2892 pane
895 2809 1017 2892 utaque
1031 2809 1062 2874 et
1081 2810 1353 2894 nunquempostea

112 2914 254 3001 conjugio
275 2912 463 2999 copulentur.
509 2911 641 2993 Quodsi
664 2911 807 2990 noluerit,
831 2912 1090 2999 sanctasynodus
1111 2914 1142 2979 et
1165 2912 1250 2978 sedes
1270 2913 1353 2995 Apo·

112 3020 221 3085 stolioa
241 3017 402 3101 separavit
417 3035 467 3082 eos
488 3036 506 3082 a
529 3015 740 3082 communione
765 3018 797 3082 et
816 3036 834 3080 a
854 3016 991 3083 convivio
1012 3019 1149 3084 omniurn
1180 3017 1350 3084 oatholioo·

112 3144 188 3190 mm.
235 3121 386 3188 Similiter
406 3122 439 3187 et
460 3120 570 3186 mulier
588 3121 752 3204 postquem
775 3121 885 3187 seDeo
903 3121 997 3200 vovit,
1017 3121 1044 3186 si
1068 3122 1131 3188 tale
1150 3121 1250 3187 scelus
1263 3138 1348 3187 oom-
1426 3165 1429 3169 -

111 3227 239 3308 miserit,
260 3225 329 3311 pari
351 3223 522 3290 sententiae
543 3223 724 3308 subjacebit.

485 3345 591 3430 (llere.
612 3364 638 3412 o.
665 3345 737 3411 128.
759 3343 852 3431 Greg.
873 3364 897 3414 o.
919 3347 983 3429 69.)

216 3447 309 3518 CXV.
329 3448 454 3514 Mulieri
468 3468 528 3514 non
549 3450 597 3514 ost
615 3447 737 3514 licitum
761 3451 866 3516 votum
899 3469 1006 3517 vovere
1035 3451 1101 3516 sine
1133 3451 1259 3517 lieentia
1293 3450 1352 3517 riri
1380 3545 1385 3556 .

117 3557 174 3637 sui,
198 3555 253 3624 sed
276 3554 450 3633 sinerent,
473 3552 591 3619 dimitti
610 3554 722 3638 potest.
777 3587 780 3596 ι

474 3673 581 3758 (Mers.
605 3693 631 3755 o.
640 3665 725 3740 1127.
749 3673 843 3758 Greg.
864 3695 889 3742 o.
915 3676 981 3762 44.)

218 3775 327 3846 CXVI.
349 3777 472 3863 Siquis
492 3777 659 3843 monachus
680 3778 885 3845 obedientiam
906 3780 1091 3846 monasterio
1109 3781 1275 3865 promittit,
1291 3801 1351 3848 non

114 3876 207 3946 liceat
225 3898 296 3946 eum
316 3883 421 3948 votum
441 3900 548 3948 vovere
568 3881 634 3947 sine
654 3881 781 3949 lieentia
801 3883 924 3950 abbatis
943 3884 1009 3952 sui:
1031 3884 1058 3952 si
1090 3886 1207 3952 voverit
1235 3885 1280 3952 sio
1300 3886 1349 3956 di·

115 3981 285 4052 mittendus
298 3987 355 4065 est,
376 3986 402 4051 ei
416 3985 547 4072 Jusserit
564 3986 669 4053 abbae.

609 4107 716 4192 (Mers.
737 4126 763 4175 e.
785 4109 850 4196 71.)

217 4208 341 4278 CXVII.
373 4211 495 4298 siquis
517 4212 624 4279 abbati
645 4214 870 4280 exeusationem
890 4214 1056 4298 pertendit,
1073 4215 1100 4281 si
1120 4215 1243 4301 ignorat
1255 4235 1348 4302 regu-

115 4311 175 4379 lam
200 4315 217 4379 I
240 4313 321 4380 diem
345 4315 492 4399 peniteat.
537 4316 571 4383 si
594 4337 664 4385 roro
685 4317 827 4404 agnoseit
853 4321 1049 4404 supponatur.
1095 4321 1155 4403 Qui
1181 4322 1286 4389 autem
1312 4321 1350 4389 de

115 4414 266 4485 industria
293 4419 465 4504 euiounque
485 4420 601 4502 seniori¹
617 4421 702 4488 fleoti
725 4421 922 4516 dedignatur,
943 4443 1018 4491 oona
1037 4426 1150 4493 eareat.

222 4521 350 4594 Glossa:
378 4524 531 4596 industria
555 4525 611 4596 hoo
631 4527 678 4591 est
697 4525 829 4613 ingenio.
