<?xml version="1.0" encoding="UTF-8"?>
<!DOCTYPE html PUBLIC "-//W3C//DTD XHTML 1.0 Transitional//EN"
    "http://www.w3.org/TR/xhtml1/DTD/xhtml1-transitional.dtd">
<html xmlns="http://www.w3.org/1999/xhtml" xml:lang="en" lang="en">
 <head>
  <title>
</title>
<meta http-equiv="Content-Type" content="text/html;charset=utf-8" />
  <meta name='ocr-system' content='tesseract 3.04.00' />
  <meta name='ocr-capabilities' content='ocr_page ocr_carea ocr_par ocr_line ocrx_word'/>
</head>
<body>
  <div class='ocr_page' id='page_1' title='image "./archivfrkatholi13unkngoog_0031.png"; bbox 0 0 3150 4978; ppageno 0'>
   <div class='ocr_carea' id='block_1_1' title="bbox 221 247 1467 346">
    <p class='ocr_par' dir='ltr' id='par_1_1' title="bbox 221 247 1467 346">
     <span class='ocr_line' id='line_1_1' title="bbox 221 247 1467 346; baseline 0.005 -23"><span class='ocrx_word' id='word_1_1' title='bbox 221 247 263 316; x_wconf 75' lang='lat'><strong>26</strong></span> <span class='ocrx_word' id='word_1_2' title='bbox 331 266 471 324; x_wconf 72' lang='lat' dir='ltr'><strong>Sctmtlz.</strong></span> <span class='ocrx_word' id='word_1_3' title='bbox 491 267 558 323; x_wconf 84' lang='lat' dir='ltr'><strong>Des</strong></span> <span class='ocrx_word' id='word_1_4' title='bbox 567 268 793 325; x_wconf 74' lang='lat' dir='ltr'><strong>Poecilenltule</strong></span> <span class='ocrx_word' id='word_1_5' title='bbox 808 267 1049 326; x_wconf 80' lang='lat' dir='ltr'><strong>Romanumrna‘l</strong></span> <span class='ocrx_word' id='word_1_6' title='bbox 1060 271 1259 328; x_wconf 71' lang='lat' dir='ltr'><strong>historischen</strong></span> <span class='ocrx_word' id='word_1_7' title='bbox 1268 273 1467 346; x_wconf 70' lang='lat' dir='ltr'><strong>Eaeleitunp.</strong></span> 
     </span>
    </p>
   </div>
   <div class='ocr_carea' id='block_1_2' title="bbox 153 438 1559 733">
    <p class='ocr_par' dir='ltr' id='par_1_2' title="bbox 153 438 1559 733">
     <span class='ocr_line' id='line_1_2' title="bbox 221 438 1467 536; baseline 0.005 -32"><span class='ocrx_word' id='word_1_8' title='bbox 221 438 325 504; x_wconf 85' lang='lat' dir='ltr'><strong>dotem</strong></span> <span class='ocrx_word' id='word_1_9' title='bbox 345 439 467 506; x_wconf 88' lang='lat' dir='ltr'><strong>tristem</strong></span> <span class='ocrx_word' id='word_1_10' title='bbox 490 442 523 507; x_wconf 92' lang='lat' dir='ltr'><strong>et</strong></span> <span class='ocrx_word' id='word_1_11' title='bbox 544 441 768 536; x_wconf 82' lang='lat' dir='ltr'><strong>lacrymantem</strong></span> <span class='ocrx_word' id='word_1_12' title='bbox 791 461 845 525; x_wconf 91' lang='lat' dir='ltr'><strong>pro</strong></span> <span class='ocrx_word' id='word_1_13' title='bbox 876 441 940 507; x_wconf 90' lang='lat' dir='ltr'><strong>suis</strong></span> <span class='ocrx_word' id='word_1_14' title='bbox 961 442 1167 524; x_wconf 84' lang='lat' dir='ltr'><strong>facinoribus,</strong></span> <span class='ocrx_word' id='word_1_15' title='bbox 1199 443 1299 528; x_wconf 87' lang='lat' dir='ltr'><strong>magis</strong></span> <span class='ocrx_word' id='word_1_16' title='bbox 1332 443 1400 528; x_wconf 91' lang='lat' dir='ltr'><strong>ipse</strong></span> <span class='ocrx_word' id='word_1_17' title='bbox 1423 445 1467 510; x_wconf 89' lang='lat' dir='ltr'><strong>ti-</strong></span> 
     </span>
     <span class='ocr_line' id='line_1_3' title="bbox 153 543 1559 656; baseline 0.005 -48"><span class='ocrx_word' id='word_1_18' title='bbox 153 563 157 570; x_wconf 94' lang='lat'>·</span> <span class='ocrx_word' id='word_1_19' title='bbox 220 562 303 610; x_wconf 86' lang='lat' dir='ltr'><strong>more</strong></span> <span class='ocrx_word' id='word_1_20' title='bbox 322 543 379 610; x_wconf 90' lang='lat' dir='ltr'><strong>Dei</strong></span> <span class='ocrx_word' id='word_1_21' title='bbox 403 545 560 628; x_wconf 84' lang='lat' dir='ltr'><strong>perculsus</strong></span> <span class='ocrx_word' id='word_1_22' title='bbox 582 543 715 628; x_wconf 86' lang='lat' dir='ltr'><strong>amplius</strong></span> <span class='ocrx_word' id='word_1_23' title='bbox 738 546 884 610; x_wconf 75' lang='lat' dir='ltr'><strong>tristatur</strong></span> <span class='ocrx_word' id='word_1_24' title='bbox 903 546 934 611; x_wconf 92' lang='lat' dir='ltr'><strong>et</strong></span> <span class='ocrx_word' id='word_1_25' title='bbox 967 546 1134 616; x_wconf 74' lang='lat' dir='ltr'><strong>exorrescit</strong></span> <span class='ocrx_word' id='word_1_26' title='bbox 1155 549 1283 629; x_wconf 88' lang='lat' dir='ltr'><strong>peccata</strong></span> <span class='ocrx_word' id='word_1_27' title='bbox 1306 566 1372 614; x_wconf 84' lang='lat' dir='ltr'><strong>sua.</strong></span> <span class='ocrx_word' id='word_1_28' title='bbox 1421 550 1466 614; x_wconf 84' lang='lat' dir='ltr'><strong>Ilt</strong></span> <span class='ocrx_word' id='word_1_29' title='bbox 1558 639 1559 656; x_wconf 12' lang='grc' dir='ltr'>χ</span> 
     </span>
     <span class='ocr_line' id='line_1_4' title="bbox 220 647 1467 733; baseline 0.003 -21"><span class='ocrx_word' id='word_1_30' title='bbox 220 667 314 713; x_wconf 91' lang='lat' dir='ltr'><strong>uuum</strong></span> <span class='ocrx_word' id='word_1_31' title='bbox 338 667 489 733; x_wconf 89' lang='lat' dir='ltr'><strong>quemque</strong></span> <span class='ocrx_word' id='word_1_32' title='bbox 502 647 667 725; x_wconf 83' lang='lat' dir='ltr'><strong>hominem,</strong></span> <span class='ocrx_word' id='word_1_33' title='bbox 691 648 887 720; x_wconf 67' lang='lat' dir='ltr'><strong>accedentem</strong></span> <span class='ocrx_word' id='word_1_34' title='bbox 904 648 944 715; x_wconf 87' lang='lat' dir='ltr'><strong>ad</strong></span> <span class='ocrx_word' id='word_1_35' title='bbox 959 649 1173 733; x_wconf 81' lang='lat' dir='ltr'><strong>penitentiam,</strong></span> <span class='ocrx_word' id='word_1_36' title='bbox 1197 650 1224 718; x_wconf 87' lang='lat' dir='ltr'><strong>si</strong></span> <span class='ocrx_word' id='word_1_37' title='bbox 1246 651 1359 716; x_wconf 84' lang='lat' dir='ltr'><strong>rideris</strong></span> <span class='ocrx_word' id='word_1_38' title='bbox 1382 653 1467 718; x_wconf 84' lang='lat' dir='ltr'><strong>acri·</strong></span> 
     </span>
    </p>
   </div>
   <div class='ocr_carea' id='block_1_3' title="bbox 98 737 1559 842">
    <p class='ocr_par' dir='ltr' id='par_1_3' title="bbox 98 737 1559 842">
     <span class='ocr_line' id='line_1_5' title="bbox 98 737 1559 842; baseline 0.003 -25"><span class='ocrx_word' id='word_1_39' title='bbox 98 839 100 842; x_wconf 16' lang='grc' dir='ltr'>Ι</span> <span class='ocrx_word' id='word_1_40' title='bbox 219 753 267 817; x_wconf 91' lang='lat' dir='ltr'><strong>ter</strong></span> <span class='ocrx_word' id='word_1_41' title='bbox 290 753 322 817; x_wconf 92' lang='lat' dir='ltr'><strong>et</strong></span> <span class='ocrx_word' id='word_1_42' title='bbox 342 752 464 818; x_wconf 84' lang='lat' dir='ltr'><strong>assidue</strong></span> <span class='ocrx_word' id='word_1_43' title='bbox 497 754 579 828; x_wconf 85' lang='lat' dir='ltr'><strong>stare</strong></span> <span class='ocrx_word' id='word_1_44' title='bbox 608 750 646 816; x_wconf 91' lang='lat' dir='ltr'><strong>in</strong></span> <span class='ocrx_word' id='word_1_45' title='bbox 667 753 839 836; x_wconf 82' lang='lat' dir='ltr'><strong>penitentia</strong></span> <span class='ocrx_word' id='word_1_46' title='bbox 872 752 979 819; x_wconf 87' lang='lat' dir='ltr'><strong>statim</strong></span> <span class='ocrx_word' id='word_1_47' title='bbox 1013 754 1132 837; x_wconf 81' lang='lat' dir='ltr'><strong>suscipe</strong></span> <span class='ocrx_word' id='word_1_48' title='bbox 1167 773 1248 820; x_wconf 92' lang='lat' dir='ltr'><strong>eum.</strong></span> <span class='ocrx_word' id='word_1_49' title='bbox 1294 754 1355 836; x_wconf 83' lang='lat' dir='ltr'><strong>Qui</strong></span> <span class='ocrx_word' id='word_1_50' title='bbox 1388 775 1466 822; x_wconf 88' lang='lat' dir='ltr'><strong>vero</strong></span> <span class='ocrx_word' id='word_1_51' title='bbox 1558 737 1559 806; x_wconf 59' lang='grc' dir='ltr'><strong>Ῠ</strong></span> 
     </span>
    </p>
   </div>
   <div class='ocr_carea' id='block_1_4' title="bbox 155 855 1559 1875">
    <p class='ocr_par' dir='ltr' id='par_1_4' title="bbox 217 855 1559 1152">
     <span class='ocr_line' id='line_1_6' title="bbox 217 855 1559 950; baseline 0.004 -29"><span class='ocrx_word' id='word_1_52' title='bbox 217 857 319 940; x_wconf 90' lang='lat' dir='ltr'><strong>potest</strong></span> <span class='ocrx_word' id='word_1_53' title='bbox 338 857 479 940; x_wconf 81' lang='lat' dir='ltr'><strong>jeJ&#39;unare</strong></span> <span class='ocrx_word' id='word_1_54' title='bbox 501 855 727 940; x_wconf 87' lang='lat' dir='ltr'><strong>quodpositum</strong></span> <span class='ocrx_word' id='word_1_55' title='bbox 741 857 789 922; x_wconf 86' lang='lat' dir='ltr'><strong>est</strong></span> <span class='ocrx_word' id='word_1_56' title='bbox 806 857 846 936; x_wconf 85' lang='lat' dir='ltr'><strong>ei,</strong></span> <span class='ocrx_word' id='word_1_57' title='bbox 873 857 936 924; x_wconf 86' lang='lat' dir='ltr'><strong>noli</strong></span> <span class='ocrx_word' id='word_1_58' title='bbox 957 858 1118 942; x_wconf 86' lang='lat' dir='ltr'><strong>prohibere</strong></span> <span class='ocrx_word' id='word_1_59' title='bbox 1142 878 1211 924; x_wconf 93' lang='lat' dir='ltr'><strong>cum</strong></span> <span class='ocrx_word' id='word_1_60' title='bbox 1232 859 1286 925; x_wconf 89' lang='lat' dir='ltr'><strong>sed</strong></span> <span class='ocrx_word' id='word_1_61' title='bbox 1301 861 1466 944; x_wconf 89' lang='lat' dir='ltr'><strong>permitte.</strong></span> <span class='ocrx_word' id='word_1_62' title='bbox 1558 947 1559 950; x_wconf 8' lang='grc' dir='ltr'><strong>Ἴ</strong></span> 
     </span>
     <span class='ocr_line' id='line_1_7' title="bbox 219 959 1467 1047; baseline 0.005 -25"><span class='ocrx_word' id='word_1_63' title='bbox 219 959 321 1042; x_wconf 86' lang='lat' dir='ltr'><strong>Magis</strong></span> <span class='ocrx_word' id='word_1_64' title='bbox 345 959 425 1024; x_wconf 89' lang='lat' dir='ltr'><strong>enim</strong></span> <span class='ocrx_word' id='word_1_65' title='bbox 445 959 593 1026; x_wconf 86' lang='lat' dir='ltr'><strong>laudandi</strong></span> <span class='ocrx_word' id='word_1_66' title='bbox 615 960 688 1026; x_wconf 87' lang='lat' dir='ltr'><strong>sunt</strong></span> <span class='ocrx_word' id='word_1_67' title='bbox 710 961 745 1024; x_wconf 84' lang='lat' dir='ltr'><strong>lri</strong></span> <span class='ocrx_word' id='word_1_68' title='bbox 764 960 818 1043; x_wconf 91' lang='lat' dir='ltr'><strong>qni</strong></span> <span class='ocrx_word' id='word_1_69' title='bbox 849 960 990 1026; x_wconf 84' lang='lat' dir='ltr'><strong>celeriter</strong></span> <span class='ocrx_word' id='word_1_70' title='bbox 1022 961 1163 1026; x_wconf 87' lang='lat' dir='ltr'><strong>debitum</strong></span> <span class='ocrx_word' id='word_1_71' title='bbox 1194 962 1313 1046; x_wconf 81' lang='lat' dir='ltr'><strong>pandum</strong></span> <span class='ocrx_word' id='word_1_72' title='bbox 1343 965 1467 1047; x_wconf 89' lang='lat' dir='ltr'><strong>persol-</strong></span> 
     </span>
     <span class='ocr_line' id='line_1_8' title="bbox 218 1063 1466 1152; baseline 0.005 -26"><span class='ocrx_word' id='word_1_73' title='bbox 218 1081 289 1152; x_wconf 82' lang='lat' dir='ltr'><strong>vere</strong></span> <span class='ocrx_word' id='word_1_74' title='bbox 311 1063 470 1143; x_wconf 86' lang='lat' dir='ltr'><strong>festinant,</strong></span> <span class='ocrx_word' id='word_1_75' title='bbox 495 1065 568 1147; x_wconf 87' lang='lat' dir='ltr'><strong>quia</strong></span> <span class='ocrx_word' id='word_1_76' title='bbox 581 1064 734 1148; x_wconf 88' lang='lat' dir='ltr'><strong>jejunium</strong></span> <span class='ocrx_word' id='word_1_77' title='bbox 751 1065 890 1130; x_wconf 72' lang='lat' dir='ltr'><strong>&lt;lubitum</strong></span> <span class='ocrx_word' id='word_1_78' title='bbox 913 1066 968 1146; x_wconf 79' lang='lat' dir='ltr'><strong>ost</strong></span> <span class='ocrx_word' id='word_1_79' title='bbox 993 1066 1025 1130; x_wconf 89' lang='lat' dir='ltr'><strong>et</strong></span> <span class='ocrx_word' id='word_1_80' title='bbox 1048 1065 1095 1130; x_wconf 91' lang='lat' dir='ltr'><strong>sic</strong></span> <span class='ocrx_word' id='word_1_81' title='bbox 1115 1065 1186 1130; x_wconf 89' lang='lat' dir='ltr'><strong>date</strong></span> <span class='ocrx_word' id='word_1_82' title='bbox 1199 1066 1380 1132; x_wconf 84' lang='lat' dir='ltr'><strong>mandatum</strong></span> <span class='ocrx_word' id='word_1_83' title='bbox 1402 1067 1466 1148; x_wconf 85' lang='lat' dir='ltr'><strong>uis,</strong></span> 
     </span>
    </p>

    <p class='ocr_par' dir='ltr' id='par_1_5' title="bbox 155 1165 1556 1875">
     <span class='ocr_line' id='line_1_9' title="bbox 219 1165 1466 1254; baseline 0.006 -26"><span class='ocrx_word' id='word_1_84' title='bbox 219 1165 272 1247; x_wconf 91' lang='lat' dir='ltr'><strong>qui</strong></span> <span class='ocrx_word' id='word_1_85' title='bbox 292 1165 494 1246; x_wconf 85' lang='lat' dir='ltr'><strong>penitentiam</strong></span> <span class='ocrx_word' id='word_1_86' title='bbox 517 1169 624 1251; x_wconf 83' lang='lat' dir='ltr'><strong>agant.</strong></span> <span class='ocrx_word' id='word_1_87' title='bbox 669 1167 748 1249; x_wconf 79' lang='lat' dir='ltr'><strong>Quia</strong></span> <span class='ocrx_word' id='word_1_88' title='bbox 770 1167 797 1232; x_wconf 90' lang='lat' dir='ltr'><strong>si</strong></span> <span class='ocrx_word' id='word_1_89' title='bbox 819 1168 1006 1252; x_wconf 83' lang='lat' dir='ltr'><strong>jejunaverit</strong></span> <span class='ocrx_word' id='word_1_90' title='bbox 1027 1169 1059 1234; x_wconf 90' lang='lat' dir='ltr'><strong>et</strong></span> <span class='ocrx_word' id='word_1_91' title='bbox 1072 1169 1284 1253; x_wconf 79' lang='lat' dir='ltr'><strong>‚cornpleverit</strong></span> <span class='ocrx_word' id='word_1_92' title='bbox 1306 1169 1387 1254; x_wconf 89' lang='lat' dir='ltr'><strong>quod</strong></span> <span class='ocrx_word' id='word_1_93' title='bbox 1415 1170 1466 1236; x_wconf 91' lang='lat' dir='ltr'><strong>illi</strong></span> 
     </span>
     <span class='ocr_line' id='line_1_10' title="bbox 155 1255 1467 1356; baseline 0.006 -24"><span class='ocrx_word' id='word_1_94' title='bbox 155 1255 156 1262; x_wconf 51' lang='lat'><em>&#39;</em></span> <span class='ocrx_word' id='word_1_95' title='bbox 218 1269 467 1336; x_wconf 88' lang='lat' dir='ltr'><strong>commendatum</strong></span> <span class='ocrx_word' id='word_1_96' title='bbox 499 1271 546 1335; x_wconf 89' lang='lat' dir='ltr'><strong>est</strong></span> <span class='ocrx_word' id='word_1_97' title='bbox 578 1291 597 1336; x_wconf 91' lang='lat' dir='ltr'><strong>a</strong></span> <span class='ocrx_word' id='word_1_98' title='bbox 632 1271 799 1349; x_wconf 81' lang='lat' dir='ltr'><strong>sacerdote,</strong></span> <span class='ocrx_word' id='word_1_99' title='bbox 823 1271 1038 1355; x_wconf 87' lang='lat' dir='ltr'><strong>purificabitur</strong></span> <span class='ocrx_word' id='word_1_100' title='bbox 1072 1261 1091 1336; x_wconf 84' lang='lat' dir='ltr'><strong>a</strong></span> <span class='ocrx_word' id='word_1_101' title='bbox 1123 1273 1268 1356; x_wconf 79' lang='lat' dir='ltr'><strong>peccatis,</strong></span> <span class='ocrx_word' id='word_1_102' title='bbox 1313 1273 1403 1356; x_wconf 82' lang='lat' dir='ltr'><strong>Quod</strong></span> <span class='ocrx_word' id='word_1_103' title='bbox 1438 1275 1467 1340; x_wconf 88' lang='lat' dir='ltr'><strong>si</strong></span> 
     </span>
     <span class='ocr_line' id='line_1_11' title="bbox 217 1371 1461 1466; baseline 0.006 -30"><span class='ocrx_word' id='word_1_104' title='bbox 217 1371 392 1436; x_wconf 88' lang='lat' dir='ltr'><strong>iterumad</strong></span> <span class='ocrx_word' id='word_1_105' title='bbox 428 1372 590 1466; x_wconf 86' lang='lat' dir='ltr'><strong>pristinam</strong></span> <span class='ocrx_word' id='word_1_106' title='bbox 624 1374 876 1440; x_wconf 85' lang='lat' dir='ltr'><strong>cousuetudinem</strong></span> <span class='ocrx_word' id='word_1_107' title='bbox 905 1375 953 1440; x_wconf 90' lang='lat' dir='ltr'><strong>vel</strong></span> <span class='ocrx_word' id='word_1_108' title='bbox 984 1377 1145 1459; x_wconf 88' lang='lat' dir='ltr'><strong>peccatum</strong></span> <span class='ocrx_word' id='word_1_109' title='bbox 1178 1395 1320 1445; x_wconf 86' lang='lat' dir='ltr'><strong>reuersus</strong></span> <span class='ocrx_word' id='word_1_110' title='bbox 1351 1377 1461 1460; x_wconf 88' lang='lat' dir='ltr'><strong>fuerit,</strong></span> 
     </span>
     <span class='ocr_line' id='line_1_12' title="bbox 218 1474 1556 1566; baseline 0.007 -28"><span class='ocrx_word' id='word_1_111' title='bbox 218 1474 263 1542; x_wconf 88' lang='lat' dir='ltr'><strong>sio</strong></span> <span class='ocrx_word' id='word_1_112' title='bbox 286 1477 354 1554; x_wconf 86' lang='lat' dir='ltr'><strong>est,</strong></span> <span class='ocrx_word' id='word_1_113' title='bbox 386 1475 535 1558; x_wconf 88' lang='lat' dir='ltr'><strong>quomodo</strong></span> <span class='ocrx_word' id='word_1_114' title='bbox 559 1476 976 1566; x_wconf 83' lang='lat' dir='ltr'><strong>cauis‚quirere1·titurad</strong></span> <span class='ocrx_word' id='word_1_115' title='bbox 999 1479 1156 1563; x_wconf 84' lang='lat' dir='ltr'><strong>proprium</strong></span> <span class='ocrx_word' id='word_1_116' title='bbox 1179 1480 1338 1547; x_wconf 91' lang='lat' dir='ltr'><strong>vomitum.</strong></span> <span class='ocrx_word' id='word_1_117' title='bbox 1381 1479 1465 1547; x_wconf 91' lang='lat' dir='ltr'><strong>Om-</strong></span> <span class='ocrx_word' id='word_1_118' title='bbox 1555 1497 1556 1518; x_wconf 78' lang='lat'>³</span> 
     </span>
     <span class='ocr_line' id='line_1_13' title="bbox 216 1579 1555 1667; baseline 0.007 -25"><span class='ocrx_word' id='word_1_119' title='bbox 216 1579 265 1642; x_wconf 89' lang='lat' dir='ltr'><strong>nis</strong></span> <span class='ocrx_word' id='word_1_120' title='bbox 286 1579 393 1662; x_wconf 89' lang='lat' dir='ltr'><strong>itaque</strong></span> <span class='ocrx_word' id='word_1_121' title='bbox 414 1579 554 1662; x_wconf 83' lang='lat' dir='ltr'><strong>penitens</strong></span> <span class='ocrx_word' id='word_1_122' title='bbox 578 1599 638 1654; x_wconf 87' lang='lat' dir='ltr'><strong>non</strong></span> <span class='ocrx_word' id='word_1_123' title='bbox 661 1580 719 1646; x_wconf 86' lang='lat' dir='ltr'><strong>lroc</strong></span> <span class='ocrx_word' id='word_1_124' title='bbox 732 1583 850 1658; x_wconf 83' lang='lat' dir='ltr'><strong>solum</strong></span> <span class='ocrx_word' id='word_1_125' title='bbox 865 1582 958 1648; x_wconf 89' lang='lat' dir='ltr'><strong>debet</strong></span> <span class='ocrx_word' id='word_1_126' title='bbox 974 1583 1127 1666; x_wconf 82' lang='lat' dir='ltr'><strong>jejunare,</strong></span> <span class='ocrx_word' id='word_1_127' title='bbox 1156 1584 1237 1667; x_wconf 91' lang='lat' dir='ltr'><strong>quod</strong></span> <span class='ocrx_word' id='word_1_128' title='bbox 1264 1583 1312 1648; x_wconf 91' lang='lat' dir='ltr'><strong>illi</strong></span> <span class='ocrx_word' id='word_1_129' title='bbox 1330 1585 1468 1652; x_wconf 83' lang='lat' dir='ltr'><strong>manda-</strong></span> <span class='ocrx_word' id='word_1_130' title='bbox 1554 1582 1555 1598; x_wconf 54' lang='lat'><em>*</em></span> 
     </span>
     <span class='ocr_line' id='line_1_14' title="bbox 216 1683 1468 1771; baseline 0.005 -25"><span class='ocrx_word' id='word_1_131' title='bbox 216 1684 356 1747; x_wconf 82' lang='lat' dir='ltr'><strong>tumeat</strong></span> <span class='ocrx_word' id='word_1_132' title='bbox 375 1701 393 1746; x_wconf 86' lang='lat' dir='ltr'><strong>a</strong></span> <span class='ocrx_word' id='word_1_133' title='bbox 410 1683 587 1762; x_wconf 83' lang='lat' dir='ltr'><strong>sacerdote,</strong></span> <span class='ocrx_word' id='word_1_134' title='bbox 611 1703 716 1752; x_wconf 85' lang='lat' dir='ltr'><strong>verum</strong></span> <span class='ocrx_word' id='word_1_135' title='bbox 740 1686 836 1750; x_wconf 87' lang='lat' dir='ltr'><strong>eliam</strong></span> <span class='ocrx_word' id='word_1_136' title='bbox 855 1687 1017 1769; x_wconf 87' lang='lat' dir='ltr'><strong>postquam</strong></span> <span class='ocrx_word' id='word_1_137' title='bbox 1042 1686 1241 1770; x_wconf 83' lang='lat' dir='ltr'><strong>compleverit</strong></span> <span class='ocrx_word' id='word_1_138' title='bbox 1268 1707 1313 1764; x_wconf 83' lang='lat' dir='ltr'><strong>ea,</strong></span> <span class='ocrx_word' id='word_1_139' title='bbox 1334 1707 1393 1771; x_wconf 93' lang='lat' dir='ltr'><strong>que</strong></span> <span class='ocrx_word' id='word_1_140' title='bbox 1415 1689 1468 1753; x_wconf 92' lang='lat' dir='ltr'><strong>illi</strong></span> 
     </span>
     <span class='ocr_line' id='line_1_15' title="bbox 213 1786 1466 1875; baseline 0.008 -26"><span class='ocrx_word' id='word_1_141' title='bbox 213 1786 301 1870; x_wconf 88' lang='lat' dir='ltr'><strong>jussa</strong></span> <span class='ocrx_word' id='word_1_142' title='bbox 321 1788 403 1864; x_wconf 80' lang='lat' dir='ltr'><strong>sunt,</strong></span> <span class='ocrx_word' id='word_1_143' title='bbox 427 1787 519 1852; x_wconf 89' lang='lat' dir='ltr'><strong>debet</strong></span> <span class='ocrx_word' id='word_1_144' title='bbox 541 1789 691 1871; x_wconf 88' lang='lat' dir='ltr'><strong>quantum</strong></span> <span class='ocrx_word' id='word_1_145' title='bbox 713 1788 773 1872; x_wconf 90' lang='lat' dir='ltr'><strong>ipsi</strong></span> <span class='ocrx_word' id='word_1_146' title='bbox 795 1788 896 1854; x_wconf 87' lang='lat' dir='ltr'><strong>uisum</strong></span> <span class='ocrx_word' id='word_1_147' title='bbox 919 1789 1014 1856; x_wconf 87' lang='lat' dir='ltr'><strong>fuerit</strong></span> <span class='ocrx_word' id='word_1_148' title='bbox 1033 1790 1175 1875; x_wconf 88' lang='lat' dir='ltr'><strong>jejunare</strong></span> <span class='ocrx_word' id='word_1_149' title='bbox 1204 1791 1268 1856; x_wconf 88' lang='lat' dir='ltr'><strong>sive</strong></span> <span class='ocrx_word' id='word_1_150' title='bbox 1291 1790 1368 1856; x_wconf 85' lang='lat' dir='ltr'><strong>IIII.</strong></span> <span class='ocrx_word' id='word_1_151' title='bbox 1404 1792 1466 1860; x_wconf 83' lang='lat' dir='ltr'><strong>fer.</strong></span> 
     </span>
    </p>
   </div>
   <div class='ocr_carea' id='block_1_5' title="bbox 216 1889 1468 1976">
    <p class='ocr_par' dir='ltr' id='par_1_6' title="bbox 216 1889 1468 1976">
     <span class='ocr_line' id='line_1_16' title="bbox 216 1889 1468 1976; baseline 0.006 -23"><span class='ocrx_word' id='word_1_152' title='bbox 216 1889 280 1954; x_wconf 87' lang='lat' dir='ltr'><strong>sive</strong></span> <span class='ocrx_word' id='word_1_153' title='bbox 294 1890 472 1958; x_wconf 89' lang='lat' dir='ltr'><strong>Parasoere.</strong></span> <span class='ocrx_word' id='word_1_154' title='bbox 493 1891 527 1957; x_wconf 90' lang='lat' dir='ltr'><strong>Si</strong></span> <span class='ocrx_word' id='word_1_155' title='bbox 541 1891 623 1958; x_wconf 88' lang='lat' dir='ltr'><strong>enim</strong></span> <span class='ocrx_word' id='word_1_156' title='bbox 644 1892 744 1976; x_wconf 85' lang='lat' dir='ltr'><strong>egerit</strong></span> <span class='ocrx_word' id='word_1_157' title='bbox 764 1911 808 1972; x_wconf 87' lang='lat' dir='ltr'><strong>ea,</strong></span> <span class='ocrx_word' id='word_1_158' title='bbox 832 1912 910 1976; x_wconf 89' lang='lat' dir='ltr'><strong>quae</strong></span> <span class='ocrx_word' id='word_1_159' title='bbox 922 1893 971 1960; x_wconf 90' lang='lat' dir='ltr'><strong>illi</strong></span> <span class='ocrx_word' id='word_1_160' title='bbox 990 1893 1131 1958; x_wconf 85' lang='lat' dir='ltr'><strong>sacerdos</strong></span> <span class='ocrx_word' id='word_1_161' title='bbox 1143 1893 1321 1976; x_wconf 86' lang='lat' dir='ltr'><strong>preceperit,</strong></span> <span class='ocrx_word' id='word_1_162' title='bbox 1333 1897 1468 1976; x_wconf 88' lang='lat' dir='ltr'><strong>peccata</strong></span> 
     </span>
    </p>
   </div>
   <div class='ocr_carea' id='block_1_6' title="bbox 107 1987 1462 2082">
    <p class='ocr_par' dir='ltr' id='par_1_7' title="bbox 107 1987 1462 2082">
     <span class='ocr_line' id='line_1_17' title="bbox 107 1987 1462 2082; baseline 0.007 -25"><span class='ocrx_word' id='word_1_163' title='bbox 107 1987 109 1994; x_wconf 71' lang='lat'>&#39;</span> <span class='ocrx_word' id='word_1_164' title='bbox 215 1994 244 2058; x_wconf 91' lang='lat' dir='ltr'><strong>ei</strong></span> <span class='ocrx_word' id='word_1_165' title='bbox 267 1993 475 2062; x_wconf 89' lang='lat' dir='ltr'><strong>remittentur.</strong></span> <span class='ocrx_word' id='word_1_166' title='bbox 520 1994 552 2060; x_wconf 87' lang='lat' dir='ltr'><strong>Si</strong></span> <span class='ocrx_word' id='word_1_167' title='bbox 575 2014 646 2060; x_wconf 84' lang='lat' dir='ltr'><strong>vero</strong></span> <span class='ocrx_word' id='word_1_168' title='bbox 669 1997 774 2078; x_wconf 87' lang='lat' dir='ltr'><strong>postea</strong></span> <span class='ocrx_word' id='word_1_169' title='bbox 791 2015 826 2060; x_wconf 86' lang='lat' dir='ltr'><strong>ex</strong></span> <span class='ocrx_word' id='word_1_170' title='bbox 844 2015 900 2062; x_wconf 85' lang='lat' dir='ltr'><strong>sua</strong></span> <span class='ocrx_word' id='word_1_171' title='bbox 923 1997 1081 2072; x_wconf 85' lang='lat' dir='ltr'><strong>uoluntate</strong></span> <span class='ocrx_word' id='word_1_172' title='bbox 1106 1996 1304 2082; x_wconf 79' lang='lat' dir='ltr'><strong>jejunaverit,</strong></span> <span class='ocrx_word' id='word_1_173' title='bbox 1337 2017 1462 2066; x_wconf 82' lang='lat' dir='ltr'><strong>userce-</strong></span> 
     </span>
    </p>
   </div>
   <div class='ocr_carea' id='block_1_7' title="bbox 210 2097 1464 4266">
    <p class='ocr_par' dir='ltr' id='par_1_8' title="bbox 210 2097 1463 2686">
     <span class='ocr_line' id='line_1_18' title="bbox 216 2097 1463 2186; baseline 0.004 -24"><span class='ocrx_word' id='word_1_174' title='bbox 216 2097 285 2164; x_wconf 89' lang='lat' dir='ltr'><strong>dern</strong></span> <span class='ocrx_word' id='word_1_175' title='bbox 309 2098 368 2163; x_wconf 86' lang='lat' dir='ltr'><strong>sibi</strong></span> <span class='ocrx_word' id='word_1_176' title='bbox 391 2098 525 2180; x_wconf 85' lang='lat' dir='ltr'><strong>acquirit</strong></span> <span class='ocrx_word' id='word_1_177' title='bbox 548 2100 580 2164; x_wconf 92' lang='lat' dir='ltr'><strong>et</strong></span> <span class='ocrx_word' id='word_1_178' title='bbox 609 2119 740 2184; x_wconf 84' lang='lat' dir='ltr'><strong>reguum</strong></span> <span class='ocrx_word' id='word_1_179' title='bbox 764 2101 907 2166; x_wconf 90' lang='lat' dir='ltr'><strong>celorum.</strong></span> <span class='ocrx_word' id='word_1_180' title='bbox 954 2101 1013 2184; x_wconf 80' lang='lat' dir='ltr'><strong>Qui</strong></span> <span class='ocrx_word' id='word_1_181' title='bbox 1028 2119 1103 2185; x_wconf 80' lang='lat' dir='ltr'><strong>ergo</strong></span> <span class='ocrx_word' id='word_1_182' title='bbox 1121 2103 1187 2166; x_wconf 87' lang='lat' dir='ltr'><strong>tota</strong></span> <span class='ocrx_word' id='word_1_183' title='bbox 1210 2102 1382 2184; x_wconf 88' lang='lat' dir='ltr'><strong>septimana</strong></span> <span class='ocrx_word' id='word_1_184' title='bbox 1410 2102 1463 2186; x_wconf 89' lang='lat' dir='ltr'><strong>je·</strong></span> 
     </span>
     <span class='ocr_line' id='line_1_19' title="bbox 212 2201 1460 2289; baseline 0.003 -23"><span class='ocrx_word' id='word_1_185' title='bbox 212 2201 305 2285; x_wconf 89' lang='lat' dir='ltr'><strong>junat</strong></span> <span class='ocrx_word' id='word_1_186' title='bbox 322 2221 376 2285; x_wconf 90' lang='lat' dir='ltr'><strong>pro</strong></span> <span class='ocrx_word' id='word_1_187' title='bbox 396 2202 568 2287; x_wconf 83' lang='lat' dir='ltr'><strong>peccatis1)</strong></span> <span class='ocrx_word' id='word_1_188' title='bbox 586 2204 716 2270; x_wconf 86' lang='lat' dir='ltr'><strong>sabbato</strong></span> <span class='ocrx_word' id='word_1_189' title='bbox 730 2206 763 2270; x_wconf 91' lang='lat' dir='ltr'><strong>et</strong></span> <span class='ocrx_word' id='word_1_190' title='bbox 785 2203 938 2271; x_wconf 87' lang='lat' dir='ltr'><strong>dominica</strong></span> <span class='ocrx_word' id='word_1_191' title='bbox 950 2204 1000 2270; x_wconf 90' lang='lat' dir='ltr'><strong>die</strong></span> <span class='ocrx_word' id='word_1_192' title='bbox 1019 2201 1183 2270; x_wconf 74' lang='lat' dir='ltr'><strong>manducet</strong></span> <span class='ocrx_word' id='word_1_193' title='bbox 1206 2207 1238 2270; x_wconf 90' lang='lat' dir='ltr'><strong>et</strong></span> <span class='ocrx_word' id='word_1_194' title='bbox 1260 2205 1349 2271; x_wconf 85' lang='lat' dir='ltr'><strong>bibat</strong></span> <span class='ocrx_word' id='word_1_195' title='bbox 1367 2206 1460 2289; x_wconf 88' lang='lat' dir='ltr'><strong>quic·</strong></span> 
     </span>
     <span class='ocr_line' id='line_1_20' title="bbox 215 2306 1461 2396; baseline 0.002 -24"><span class='ocrx_word' id='word_1_196' title='bbox 215 2307 289 2391; x_wconf 90' lang='lat' dir='ltr'><strong>quid</strong></span> <span class='ocrx_word' id='word_1_197' title='bbox 310 2307 337 2370; x_wconf 91' lang='lat' dir='ltr'><strong>ei</strong></span> <span class='ocrx_word' id='word_1_198' title='bbox 359 2308 467 2390; x_wconf 86' lang='lat' dir='ltr'><strong>aptum</strong></span> <span class='ocrx_word' id='word_1_199' title='bbox 490 2307 594 2386; x_wconf 84' lang='lat' dir='ltr'><strong>fuerit,</strong></span> <span class='ocrx_word' id='word_1_200' title='bbox 619 2306 773 2374; x_wconf 87' lang='lat' dir='ltr'><strong>custodiat</strong></span> <span class='ocrx_word' id='word_1_201' title='bbox 799 2310 947 2372; x_wconf 88' lang='lat' dir='ltr'><strong>tamense</strong></span> <span class='ocrx_word' id='word_1_202' title='bbox 970 2326 987 2372; x_wconf 91' lang='lat' dir='ltr'><strong>a</strong></span> <span class='ocrx_word' id='word_1_203' title='bbox 1007 2308 1133 2391; x_wconf 86' lang='lat' dir='ltr'><strong>crapula</strong></span> <span class='ocrx_word' id='word_1_204' title='bbox 1152 2309 1269 2396; x_wconf 87' lang='lat' dir='ltr'><strong>ventris</strong></span> <span class='ocrx_word' id='word_1_205' title='bbox 1292 2306 1342 2373; x_wconf 86' lang='lat' dir='ltr'><strong>vel</strong></span> <span class='ocrx_word' id='word_1_206' title='bbox 1357 2307 1461 2374; x_wconf 84' lang='lat' dir='ltr'><strong>ebric-</strong></span> 
     </span>
     <span class='ocr_line' id='line_1_21' title="bbox 213 2409 1461 2494; baseline 0.002 -19"><span class='ocrx_word' id='word_1_207' title='bbox 213 2412 290 2489; x_wconf 87' lang='lat' dir='ltr'><strong>tate,</strong></span> <span class='ocrx_word' id='word_1_208' title='bbox 313 2411 386 2494; x_wconf 87' lang='lat' dir='ltr'><strong>quie</strong></span> <span class='ocrx_word' id='word_1_209' title='bbox 407 2409 507 2477; x_wconf 87' lang='lat' dir='ltr'><strong>omnis</strong></span> <span class='ocrx_word' id='word_1_210' title='bbox 529 2411 650 2476; x_wconf 80' lang='lat' dir='ltr'><strong>luxuria</strong></span> <span class='ocrx_word' id='word_1_211' title='bbox 671 2410 708 2476; x_wconf 89' lang='lat' dir='ltr'><strong>de</strong></span> <span class='ocrx_word' id='word_1_212' title='bbox 736 2411 887 2478; x_wconf 84' lang='lat' dir='ltr'><strong>ebrietate</strong></span> <span class='ocrx_word' id='word_1_213' title='bbox 910 2413 1056 2478; x_wconf 85' lang='lat' dir='ltr'><strong>nascitur.</strong></span> <span class='ocrx_word' id='word_1_214' title='bbox 1102 2411 1175 2477; x_wconf 87' lang='lat' dir='ltr'><strong>Ideo</strong></span> <span class='ocrx_word' id='word_1_215' title='bbox 1204 2413 1315 2477; x_wconf 88' lang='lat' dir='ltr'><strong>beatus</strong></span> <span class='ocrx_word' id='word_1_216' title='bbox 1338 2412 1461 2478; x_wconf 89' lang='lat' dir='ltr'><strong>Paulus</strong></span> 
     </span>
     <span class='ocr_line' id='line_1_22' title="bbox 213 2510 1458 2606; baseline 0.003 -26"><span class='ocrx_word' id='word_1_217' title='bbox 213 2515 371 2598; x_wconf 86' lang='lat' dir='ltr'><strong>prohibuit</strong></span> <span class='ocrx_word' id='word_1_218' title='bbox 393 2514 511 2606; x_wconf 86' lang='lat' dir='ltr'><strong>dicens:</strong></span> <span class='ocrx_word' id='word_1_219' title='bbox 557 2515 666 2590; x_wconf 88' lang='lat' dir='ltr'><strong>Nolite</strong></span> <span class='ocrx_word' id='word_1_220' title='bbox 685 2515 832 2582; x_wconf 90' lang='lat' dir='ltr'><strong>inebriari</strong></span> <span class='ocrx_word' id='word_1_221' title='bbox 853 2517 934 2594; x_wconf 80' lang='lat' dir='ltr'><strong>rino,</strong></span> <span class='ocrx_word' id='word_1_222' title='bbox 956 2516 996 2588; x_wconf 68' lang='lat' dir='ltr'><strong>in¹</strong></span> <span class='ocrx_word' id='word_1_223' title='bbox 1011 2534 1071 2600; x_wconf 90' lang='lat' dir='ltr'><strong>quo</strong></span> <span class='ocrx_word' id='word_1_224' title='bbox 1093 2518 1141 2583; x_wconf 86' lang='lat' dir='ltr'><strong>est</strong></span> <span class='ocrx_word' id='word_1_225' title='bbox 1159 2510 1282 2582; x_wconf 85' lang='lat' dir='ltr'><strong>luxuria</strong></span> <span class='ocrx_word' id='word_1_226' title='bbox 1301 2535 1361 2582; x_wconf 89' lang='lat' dir='ltr'><strong>non</strong></span> <span class='ocrx_word' id='word_1_227' title='bbox 1380 2517 1458 2600; x_wconf 86' lang='lat' dir='ltr'><strong>quia</strong></span> 
     </span>
     <span class='ocr_line' id='line_1_23' title="bbox 210 2619 1076 2686; baseline 0.002 -2"><span class='ocrx_word' id='word_1_228' title='bbox 210 2619 339 2685; x_wconf 80' lang='lat' dir='ltr'><strong>turino</strong></span> <span class='ocrx_word' id='word_1_229' title='bbox 363 2621 411 2685; x_wconf 87' lang='lat' dir='ltr'><strong>est</strong></span> <span class='ocrx_word' id='word_1_230' title='bbox 432 2619 553 2684; x_wconf 80' lang='lat' dir='ltr'><strong>luxuria</strong></span> <span class='ocrx_word' id='word_1_231' title='bbox 577 2619 631 2684; x_wconf 90' lang='lat' dir='ltr'><strong>aed</strong></span> <span class='ocrx_word' id='word_1_232' title='bbox 654 2619 686 2684; x_wconf 89' lang='lat' dir='ltr'><strong>in</strong></span> <span class='ocrx_word' id='word_1_233' title='bbox 709 2620 867 2686; x_wconf 87' lang='lat' dir='ltr'><strong>ebrietate.</strong></span> <span class='ocrx_word' id='word_1_234' title='bbox 913 2621 993 2684; x_wconf 89' lang='lat' dir='ltr'><strong>Item</strong></span> <span class='ocrx_word' id='word_1_235' title='bbox 1017 2621 1076 2686; x_wconf 91' lang='lat' dir='ltr'><strong>etc.</strong></span> 
     </span>
    </p>

    <p class='ocr_par' dir='ltr' id='par_1_9' title="bbox 213 2723 1464 3019">
     <span class='ocr_line' id='line_1_24' title="bbox 319 2723 1464 2810; baseline 0.004 -22"><span class='ocrx_word' id='word_1_236' title='bbox 319 2723 439 2808; x_wconf 83' lang='lat' dir='ltr'><strong>(Vergl.</strong></span> <span class='ocrx_word' id='word_1_237' title='bbox 464 2724 641 2804; x_wconf 87' lang='lat' dir='ltr'><strong>Burcherd‚</strong></span> <span class='ocrx_word' id='word_1_238' title='bbox 666 2723 827 2790; x_wconf 85' lang='lat' dir='ltr'><strong>Correctur</strong></span> <span class='ocrx_word' id='word_1_239' title='bbox 853 2743 919 2808; x_wconf 89' lang='lat' dir='ltr'><strong>cap.</strong></span> <span class='ocrx_word' id='word_1_240' title='bbox 945 2725 1027 2802; x_wconf 78' lang='lat'><strong>197..</strong></span> <span class='ocrx_word' id='word_1_241' title='bbox 1045 2725 1074 2790; x_wconf 92' lang='lat' dir='ltr'><strong>b.</strong></span> <span class='ocrx_word' id='word_1_242' title='bbox 1098 2725 1201 2792; x_wconf 87' lang='lat' dir='ltr'><strong>Wass.</strong></span> <span class='ocrx_word' id='word_1_243' title='bbox 1227 2745 1256 2810; x_wconf 89' lang='lat' dir='ltr'><strong>p.</strong></span> <span class='ocrx_word' id='word_1_244' title='bbox 1281 2727 1364 2807; x_wconf 77' lang='lat'><strong>672.</strong></span> <span class='ocrx_word' id='word_1_245' title='bbox 1386 2726 1464 2793; x_wconf 88' lang='lat' dir='ltr'><strong>Mu-</strong></span> 
     </span>
     <span class='ocr_line' id='line_1_25' title="bbox 213 2827 1462 2915; baseline 0.003 -23"><span class='ocrx_word' id='word_1_246' title='bbox 213 2828 310 2892; x_wconf 86' lang='lat' dir='ltr'><strong>ralori</strong></span> <span class='ocrx_word' id='word_1_247' title='bbox 331 2827 544 2912; x_wconf 85' lang='lat' dir='ltr'><strong>Antiquitstes</strong></span> <span class='ocrx_word' id='word_1_248' title='bbox 567 2827 696 2895; x_wconf 81' lang='lat' dir='ltr'><strong>Italicae</strong></span> <span class='ocrx_word' id='word_1_249' title='bbox 713 2827 807 2894; x_wconf 90' lang='lat' dir='ltr'><strong>medii</strong></span> <span class='ocrx_word' id='word_1_250' title='bbox 830 2827 898 2894; x_wconf 87' lang='lat' dir='ltr'><strong>aeui</strong></span> <span class='ocrx_word' id='word_1_251' title='bbox 916 2829 991 2894; x_wconf 89' lang='lat' dir='ltr'><strong>tom.</strong></span> <span class='ocrx_word' id='word_1_252' title='bbox 1015 2829 1052 2894; x_wconf 87' lang='lat' dir='ltr'><strong>V.</strong></span> <span class='ocrx_word' id='word_1_253' title='bbox 1073 2848 1103 2912; x_wconf 90' lang='lat' dir='ltr'><strong>p.</strong></span> <span class='ocrx_word' id='word_1_254' title='bbox 1125 2829 1215 2915; x_wconf 82' lang='lat'><strong>722.;</strong></span> <span class='ocrx_word' id='word_1_255' title='bbox 1242 2829 1462 2896; x_wconf 85' lang='lat' dir='ltr'><strong>Paenitentiae</strong></span> 
     </span>
     <span class='ocr_line' id='line_1_26' title="bbox 213 2931 1296 3019; baseline 0 -21"><span class='ocrx_word' id='word_1_256' title='bbox 213 2931 305 2998; x_wconf 83' lang='lat' dir='ltr'><strong>Ritus</strong></span> <span class='ocrx_word' id='word_1_257' title='bbox 329 2951 345 2999; x_wconf 87' lang='lat' dir='ltr'><strong>e</strong></span> <span class='ocrx_word' id='word_1_258' title='bbox 368 2933 523 3000; x_wconf 87' lang='lat' dir='ltr'><strong>codicibus</strong></span> <span class='ocrx_word' id='word_1_259' title='bbox 546 2932 767 3016; x_wconf 79' lang='lat' dir='ltr'><strong>Manuseriptis&#39;</strong></span> <span class='ocrx_word' id='word_1_260' title='bbox 790 2931 971 2998; x_wconf 87' lang='lat' dir='ltr'><strong>Monasterii</strong></span> <span class='ocrx_word' id='word_1_261' title='bbox 992 2932 1177 3019; x_wconf 87' lang='lat' dir='ltr'><strong>Bobiensis.)</strong></span> <span class='ocrx_word' id='word_1_262' title='bbox 1220 2931 1224 2950; x_wconf 84' lang='grc'><strong>”</strong></span> <span class='ocrx_word' id='word_1_263' title='bbox 1294 3001 1296 3008; x_wconf 67' lang='grc'>,</span> 
     </span>
    </p>

    <p class='ocr_par' dir='ltr' id='par_1_10' title="bbox 211 3035 1461 4266">
     <span class='ocr_line' id='line_1_27' title="bbox 317 3035 1460 3121; baseline 0.004 -20"><span class='ocrx_word' id='word_1_264' title='bbox 317 3035 350 3101; x_wconf 88' lang='lat' dir='ltr'><strong>Si</strong></span> <span class='ocrx_word' id='word_1_265' title='bbox 382 3039 450 3121; x_wconf 88' lang='lat' dir='ltr'><strong>quis</strong></span> <span class='ocrx_word' id='word_1_266' title='bbox 481 3037 560 3102; x_wconf 88' lang='lat' dir='ltr'><strong>forte</strong></span> <span class='ocrx_word' id='word_1_267' title='bbox 582 3056 640 3104; x_wconf 90' lang='lat' dir='ltr'><strong>non</strong></span> <span class='ocrx_word' id='word_1_268' title='bbox 666 3037 801 3119; x_wconf 85' lang='lat' dir='ltr'><strong>potuerit</strong></span> <span class='ocrx_word' id='word_1_269' title='bbox 826 3036 967 3121; x_wconf 86' lang='lat' dir='ltr'><strong>jejunare</strong></span> <span class='ocrx_word' id='word_1_270' title='bbox 994 3037 1203 3118; x_wconf 81' lang='lat' dir='ltr'><strong>ethabuerit</strong></span> <span class='ocrx_word' id='word_1_271' title='bbox 1221 3038 1301 3104; x_wconf 90' lang='lat' dir='ltr'><strong>unde</strong></span> <span class='ocrx_word' id='word_1_272' title='bbox 1323 3038 1397 3104; x_wconf 90' lang='lat' dir='ltr'><strong>dare</strong></span> <span class='ocrx_word' id='word_1_273' title='bbox 1419 3041 1460 3106; x_wconf 88' lang='lat' dir='ltr'><strong>ad</strong></span> 
     </span>
     <span class='ocr_line' id='line_1_28' title="bbox 212 3140 1461 3224; baseline 0.006 -21"><span class='ocrx_word' id='word_1_274' title='bbox 212 3140 391 3208; x_wconf 84' lang='lat' dir='ltr'><strong>remedium.</strong></span> <span class='ocrx_word' id='word_1_275' title='bbox 436 3140 469 3206; x_wconf 86' lang='lat' dir='ltr'><strong>si</strong></span> <span class='ocrx_word' id='word_1_276' title='bbox 490 3141 575 3206; x_wconf 85' lang='lat' dir='ltr'><strong>diues</strong></span> <span class='ocrx_word' id='word_1_277' title='bbox 598 3141 693 3207; x_wconf 76' lang='lat' dir='ltr'><strong>fua-n</strong></span> <span class='ocrx_word' id='word_1_278' title='bbox 713 3160 768 3224; x_wconf 89' lang='lat' dir='ltr'><strong>pro</strong></span> <span class='ocrx_word' id='word_1_279' title='bbox 787 3142 906 3224; x_wconf 86' lang='lat' dir='ltr'><strong>septem</strong></span> <span class='ocrx_word' id='word_1_280' title='bbox 918 3141 1161 3208; x_wconf 83' lang='lat' dir='ltr'><strong>hebdomadibus</strong></span> <span class='ocrx_word' id='word_1_281' title='bbox 1181 3143 1235 3208; x_wconf 90' lang='lat' dir='ltr'><strong>det</strong></span> <span class='ocrx_word' id='word_1_282' title='bbox 1254 3141 1367 3208; x_wconf 91' lang='lat' dir='ltr'><strong>solidos</strong></span> <span class='ocrx_word' id='word_1_283' title='bbox 1386 3143 1461 3212; x_wconf 88' lang='lat' dir='ltr'><strong>XX.</strong></span> 
     </span>
     <span class='ocr_line' id='line_1_29' title="bbox 213 3243 1461 3323; baseline 0.002 -13"><span class='ocrx_word' id='word_1_284' title='bbox 213 3243 246 3310; x_wconf 84' lang='lat' dir='ltr'><strong>Si</strong></span> <span class='ocrx_word' id='word_1_285' title='bbox 270 3245 373 3309; x_wconf 89' lang='lat' dir='ltr'><strong>autem</strong></span> <span class='ocrx_word' id='word_1_286' title='bbox 397 3261 455 3310; x_wconf 90' lang='lat' dir='ltr'><strong>nen</strong></span> <span class='ocrx_word' id='word_1_287' title='bbox 480 3245 625 3311; x_wconf 88' lang='lat' dir='ltr'><strong>hebuerit</strong></span> <span class='ocrx_word' id='word_1_288' title='bbox 648 3245 771 3311; x_wconf 90' lang='lat' dir='ltr'><strong>tantum</strong></span> <span class='ocrx_word' id='word_1_289' title='bbox 794 3245 875 3310; x_wconf 90' lang='lat' dir='ltr'><strong>unde</strong></span> <span class='ocrx_word' id='word_1_290' title='bbox 895 3245 993 3323; x_wconf 88' lang='lat' dir='ltr'><strong>daret,</strong></span> <span class='ocrx_word' id='word_1_291' title='bbox 1013 3245 1065 3310; x_wconf 88' lang='lat' dir='ltr'><strong>det</strong></span> <span class='ocrx_word' id='word_1_292' title='bbox 1082 3246 1196 3312; x_wconf 88' lang='lat' dir='ltr'><strong>solidos</strong></span> <span class='ocrx_word' id='word_1_293' title='bbox 1216 3247 1256 3312; x_wconf 89' lang='lat' dir='ltr'><strong>X.</strong></span> <span class='ocrx_word' id='word_1_294' title='bbox 1300 3243 1461 3312; x_wconf 75' lang='lat' dir='ltr'><strong>sianum</strong></span> 
     </span>
     <span class='ocr_line' id='line_1_30' title="bbox 213 3347 1458 3432; baseline 0.005 -20"><span class='ocrx_word' id='word_1_295' title='bbox 213 3347 346 3412; x_wconf 91' lang='lat' dir='ltr'><strong>multum</strong></span> <span class='ocrx_word' id='word_1_296' title='bbox 369 3367 484 3432; x_wconf 87' lang='lat' dir='ltr'><strong>pauper</strong></span> <span class='ocrx_word' id='word_1_297' title='bbox 503 3349 616 3428; x_wconf 74' lang='lat' dir='ltr'><strong>faerit,</strong></span> <span class='ocrx_word' id='word_1_298' title='bbox 646 3349 702 3416; x_wconf 88' lang='lat' dir='ltr'><strong>sol.</strong></span> <span class='ocrx_word' id='word_1_299' title='bbox 733 3348 786 3420; x_wconf 89' lang='lat' dir='ltr'><strong>det</strong></span> <span class='ocrx_word' id='word_1_300' title='bbox 807 3348 874 3426; x_wconf 84' lang='grc' dir='ltr'>ΙΙΙ,</span> <span class='ocrx_word' id='word_1_301' title='bbox 898 3349 1061 3416; x_wconf 77' lang='lat' dir='ltr'><strong>Retinere</strong></span> <span class='ocrx_word' id='word_1_302' title='bbox 1093 3369 1163 3416; x_wconf 88' lang='lat' dir='ltr'><strong>vero</strong></span> <span class='ocrx_word' id='word_1_303' title='bbox 1191 3370 1251 3417; x_wconf 89' lang='lat' dir='ltr'><strong>uon</strong></span> <span class='ocrx_word' id='word_1_304' title='bbox 1282 3351 1458 3432; x_wconf 87' lang='lat' dir='ltr'><strong>conturbet,</strong></span> 
     </span>
     <span class='ocr_line' id='line_1_31' title="bbox 212 3452 1459 3536; baseline 0.004 -20"><span class='ocrx_word' id='word_1_305' title='bbox 212 3452 284 3535; x_wconf 88' lang='lat' dir='ltr'><strong>quia</strong></span> <span class='ocrx_word' id='word_1_306' title='bbox 308 3452 458 3536; x_wconf 88' lang='lat' dir='ltr'><strong>jussimus</strong></span> <span class='ocrx_word' id='word_1_307' title='bbox 491 3453 552 3518; x_wconf 91' lang='lat' dir='ltr'><strong>XX</strong></span> <span class='ocrx_word' id='word_1_308' title='bbox 585 3453 697 3524; x_wconf 89' lang='lat' dir='ltr'><strong>solidos</strong></span> <span class='ocrx_word' id='word_1_309' title='bbox 719 3453 794 3518; x_wconf 85' lang='lat' dir='ltr'><strong>dare</strong></span> <span class='ocrx_word' id='word_1_310' title='bbox 827 3455 881 3519; x_wconf 90' lang='lat' dir='ltr'><strong>aut</strong></span> <span class='ocrx_word' id='word_1_311' title='bbox 911 3453 1023 3522; x_wconf 89' lang='lat' dir='ltr'><strong>minus.</strong></span> <span class='ocrx_word' id='word_1_312' title='bbox 1076 3453 1156 3535; x_wconf 82' lang='lat' dir='ltr'><strong>Quia</strong></span> <span class='ocrx_word' id='word_1_313' title='bbox 1190 3455 1216 3519; x_wconf 92' lang='lat' dir='ltr'><strong>si</strong></span> <span class='ocrx_word' id='word_1_314' title='bbox 1246 3454 1332 3520; x_wconf 85' lang='lat' dir='ltr'><strong>diues</strong></span> <span class='ocrx_word' id='word_1_315' title='bbox 1362 3455 1459 3522; x_wconf 87' lang='lat' dir='ltr'><strong>fuerit</strong></span> 
     </span>
     <span class='ocr_line' id='line_1_32' title="bbox 212 3555 1459 3643; baseline 0.004 -24"><span class='ocrx_word' id='word_1_316' title='bbox 212 3555 334 3622; x_wconf 84' lang='lat' dir='ltr'><strong>facilius</strong></span> <span class='ocrx_word' id='word_1_317' title='bbox 357 3558 404 3622; x_wconf 89' lang='lat' dir='ltr'><strong>est</strong></span> <span class='ocrx_word' id='word_1_318' title='bbox 426 3557 474 3622; x_wconf 89' lang='lat' dir='ltr'><strong>illi</strong></span> <span class='ocrx_word' id='word_1_319' title='bbox 497 3557 568 3624; x_wconf 88' lang='lat' dir='ltr'><strong>dare</strong></span> <span class='ocrx_word' id='word_1_320' title='bbox 592 3559 646 3624; x_wconf 91' lang='lat' dir='ltr'><strong>sol.</strong></span> <span class='ocrx_word' id='word_1_321' title='bbox 666 3557 737 3635; x_wconf 76' lang='lat' dir='ltr'><strong>XX,</strong></span> <span class='ocrx_word' id='word_1_322' title='bbox 764 3575 856 3640; x_wconf 87' lang='lat' dir='ltr'><strong>quam</strong></span> <span class='ocrx_word' id='word_1_323' title='bbox 881 3558 1008 3640; x_wconf 87' lang='lat' dir='ltr'><strong>pauperi</strong></span> <span class='ocrx_word' id='word_1_324' title='bbox 1031 3557 1085 3628; x_wconf 89' lang='lat' dir='ltr'><strong>sol.</strong></span> <span class='ocrx_word' id='word_1_325' title='bbox 1107 3558 1163 3625; x_wconf 87' lang='lat' dir='ltr'><strong>HI.</strong></span> <span class='ocrx_word' id='word_1_326' title='bbox 1209 3559 1270 3626; x_wconf 86' lang='lat' dir='ltr'><strong>Sed</strong></span> <span class='ocrx_word' id='word_1_327' title='bbox 1290 3560 1459 3643; x_wconf 89' lang='lat' dir='ltr'><strong>uuusquis-</strong></span> 
     </span>
     <span class='ocr_line' id='line_1_33' title="bbox 212 3655 1458 3751; baseline 0.003 -27"><span class='ocrx_word' id='word_1_328' title='bbox 212 3655 271 3744; x_wconf 83' lang='lat' dir='ltr'><strong>qr&#39;re</strong></span> <span class='ocrx_word' id='word_1_329' title='bbox 301 3661 460 3738; x_wconf 86' lang='lat' dir='ltr'><strong>adtendat,</strong></span> <span class='ocrx_word' id='word_1_330' title='bbox 484 3660 534 3729; x_wconf 86' lang='lat' dir='ltr'><strong>cui</strong></span> <span class='ocrx_word' id='word_1_331' title='bbox 556 3661 630 3726; x_wconf 84' lang='lat' dir='ltr'><strong>dare</strong></span> <span class='ocrx_word' id='word_1_332' title='bbox 657 3661 749 3726; x_wconf 89' lang='lat' dir='ltr'><strong>debet</strong></span> <span class='ocrx_word' id='word_1_333' title='bbox 782 3661 846 3726; x_wconf 85' lang='lat' dir='ltr'><strong>siue</strong></span> <span class='ocrx_word' id='word_1_334' title='bbox 867 3680 922 3751; x_wconf 90' lang='lat' dir='ltr'><strong>pro</strong></span> <span class='ocrx_word' id='word_1_335' title='bbox 944 3661 1155 3744; x_wconf 86' lang='lat' dir='ltr'><strong>redemptione</strong></span> <span class='ocrx_word' id='word_1_336' title='bbox 1178 3662 1369 3744; x_wconf 86' lang='lat' dir='ltr'><strong>captivorum</strong></span> <span class='ocrx_word' id='word_1_337' title='bbox 1392 3662 1458 3728; x_wconf 88' lang='lat' dir='ltr'><strong>siva</strong></span> 
     </span>
     <span class='ocr_line' id='line_1_34' title="bbox 212 3764 1458 3850; baseline 0.002 -21"><span class='ocrx_word' id='word_1_338' title='bbox 212 3765 489 3846; x_wconf 81' lang='lat' dir='ltr'><strong>proseuctoaltari</strong></span> <span class='ocrx_word' id='word_1_339' title='bbox 511 3765 575 3830; x_wconf 85' lang='lat' dir='ltr'><strong>siva</strong></span> <span class='ocrx_word' id='word_1_340' title='bbox 597 3764 919 3848; x_wconf 88' lang='lat' dir='ltr'><strong>paupeributhianis</strong></span> <span class='ocrx_word' id='word_1_341' title='bbox 942 3766 1140 3850; x_wconf 87' lang='lat' dir='ltr'><strong>erogandum.</strong></span> <span class='ocrx_word' id='word_1_342' title='bbox 1187 3766 1228 3832; x_wconf 78' lang='lat' dir='ltr'><strong>at</strong></span> <span class='ocrx_word' id='word_1_343' title='bbox 1252 3765 1311 3832; x_wconf 89' lang='lat' dir='ltr'><strong>hoc</strong></span> <span class='ocrx_word' id='word_1_344' title='bbox 1345 3766 1458 3839; x_wconf 88' lang='lat' dir='ltr'><strong>scitote</strong></span> 
     </span>
     <span class='ocr_line' id='line_1_35' title="bbox 212 3868 1456 3954; baseline 0.003 -22"><span class='ocrx_word' id='word_1_345' title='bbox 212 3868 333 3946; x_wconf 79' lang='lat' dir='ltr'><strong>fratres,</strong></span> <span class='ocrx_word' id='word_1_346' title='bbox 365 3870 410 3947; x_wconf 83' lang='lat' dir='ltr'><strong>ut,</strong></span> <span class='ocrx_word' id='word_1_347' title='bbox 441 3868 513 3934; x_wconf 85' lang='lat' dir='ltr'><strong>dum</strong></span> <span class='ocrx_word' id='word_1_348' title='bbox 547 3871 686 3935; x_wconf 86' lang='lat' dir='ltr'><strong>venerint</strong></span> <span class='ocrx_word' id='word_1_349' title='bbox 710 3869 753 3934; x_wconf 88' lang='lat' dir='ltr'><strong>ad</strong></span> <span class='ocrx_word' id='word_1_350' title='bbox 786 3889 837 3936; x_wconf 87' lang='lat' dir='ltr'><strong>vos</strong></span> <span class='ocrx_word' id='word_1_351' title='bbox 868 3871 947 3940; x_wconf 90' lang='lat' dir='ltr'><strong>servi</strong></span> <span class='ocrx_word' id='word_1_352' title='bbox 968 3871 1015 3936; x_wconf 84' lang='lat' dir='ltr'><strong>rel</strong></span> <span class='ocrx_word' id='word_1_353' title='bbox 1038 3871 1150 3938; x_wconf 90' lang='lat' dir='ltr'><strong>ancille</strong></span> <span class='ocrx_word' id='word_1_354' title='bbox 1182 3871 1343 3954; x_wconf 85' lang='lat' dir='ltr'><strong>querentes</strong></span> <span class='ocrx_word' id='word_1_355' title='bbox 1369 3872 1456 3953; x_wconf 91' lang='lat' dir='ltr'><strong>peni·</strong></span> 
     </span>
     <span class='ocr_line' id='line_1_36' title="bbox 212 3972 1457 4059; baseline 0.002 -23"><span class='ocrx_word' id='word_1_356' title='bbox 212 3972 353 4051; x_wconf 90' lang='lat' dir='ltr'><strong>tentiam,</strong></span> <span class='ocrx_word' id='word_1_357' title='bbox 381 3993 441 4038; x_wconf 90' lang='lat' dir='ltr'><strong>non</strong></span> <span class='ocrx_word' id='word_1_358' title='bbox 461 3992 512 4038; x_wconf 89' lang='lat' dir='ltr'><strong>eos</strong></span> <span class='ocrx_word' id='word_1_359' title='bbox 534 3974 690 4058; x_wconf 82' lang='lat' dir='ltr'><strong>gravetis,</strong></span> <span class='ocrx_word' id='word_1_360' title='bbox 722 3993 820 4058; x_wconf 89' lang='lat' dir='ltr'><strong>neque</strong></span> <span class='ocrx_word' id='word_1_361' title='bbox 843 3975 961 4059; x_wconf 85' lang='lat' dir='ltr'><strong>cogatis</strong></span> <span class='ocrx_word' id='word_1_362' title='bbox 986 3977 1108 4040; x_wconf 87' lang='lat' dir='ltr'><strong>tantum</strong></span> <span class='ocrx_word' id='word_1_363' title='bbox 1135 3975 1275 4059; x_wconf 84' lang='lat' dir='ltr'><strong>jejunare</strong></span> <span class='ocrx_word' id='word_1_364' title='bbox 1304 3975 1457 4058; x_wconf 88' lang='lat' dir='ltr'><strong>quantum</strong></span> 
     </span>
     <span class='ocr_line' id='line_1_37' title="bbox 212 4075 1457 4164; baseline 0.004 -25"><span class='ocrx_word' id='word_1_365' title='bbox 212 4075 334 4154; x_wconf 73' lang='lat' dir='ltr'><strong>divites</strong></span> <span class='ocrx_word' id='word_1_366' title='bbox 355 4077 427 4159; x_wconf 87' lang='lat' dir='ltr'><strong>quia</strong></span> <span class='ocrx_word' id='word_1_367' title='bbox 449 4076 530 4140; x_wconf 81' lang='lat' dir='ltr'><strong>servi</strong></span> <span class='ocrx_word' id='word_1_368' title='bbox 553 4078 600 4142; x_wconf 86' lang='lat' dir='ltr'><strong>vel</strong></span> <span class='ocrx_word' id='word_1_369' title='bbox 623 4078 735 4144; x_wconf 91' lang='lat' dir='ltr'><strong>ancille</strong></span> <span class='ocrx_word' id='word_1_370' title='bbox 770 4099 828 4144; x_wconf 92' lang='lat' dir='ltr'><strong>non</strong></span> <span class='ocrx_word' id='word_1_371' title='bbox 861 4080 936 4145; x_wconf 89' lang='lat' dir='ltr'><strong>sunt</strong></span> <span class='ocrx_word' id='word_1_372' title='bbox 957 4079 1000 4154; x_wconf 74' lang='lat' dir='ltr'><strong>lin</strong></span> <span class='ocrx_word' id='word_1_373' title='bbox 1030 4099 1087 4145; x_wconf 86' lang='lat' dir='ltr'><strong>sua</strong></span> <span class='ocrx_word' id='word_1_374' title='bbox 1115 4080 1279 4164; x_wconf 86' lang='lat' dir='ltr'><strong>potestate.</strong></span> <span class='ocrx_word' id='word_1_375' title='bbox 1323 4077 1457 4160; x_wconf 89' lang='lat' dir='ltr'><strong>Ideoque</strong></span> 
     </span>
     <span class='ocr_line' id='line_1_38' title="bbox 211 4178 869 4266; baseline 0.011 -24"><span class='ocrx_word' id='word_1_376' title='bbox 211 4178 361 4244; x_wconf 85' lang='lat' dir='ltr'><strong>medietat</strong></span> <span class='ocrx_word' id='word_1_377' title='bbox 383 4199 430 4244; x_wconf 87' lang='lat' dir='ltr'><strong>era</strong></span> <span class='ocrx_word' id='word_1_378' title='bbox 456 4181 623 4262; x_wconf 82' lang='lat' dir='ltr'><strong>penitentie</strong></span> <span class='ocrx_word' id='word_1_379' title='bbox 646 4183 689 4247; x_wconf 90' lang='lat' dir='ltr'><strong>eis</strong></span> <span class='ocrx_word' id='word_1_380' title='bbox 712 4183 869 4266; x_wconf 90' lang='lat' dir='ltr'><strong>imponite.</strong></span> 
     </span>
    </p>
   </div>
   <div class='ocr_carea' id='block_1_8' title="bbox 209 4285 1459 4773">
    <p class='ocr_par' dir='ltr' id='par_1_11' title="bbox 317 4285 955 4356">
     <span class='ocr_line' id='line_1_39' title="bbox 317 4285 955 4356; baseline 0.003 -18"><span class='ocrx_word' id='word_1_381' title='bbox 317 4287 341 4352; x_wconf 89' lang='grc'><strong>1)</strong></span> <span class='ocrx_word' id='word_1_382' title='bbox 360 4285 426 4338; x_wconf 88' lang='lat' dir='ltr'><strong>Hier</strong></span> <span class='ocrx_word' id='word_1_383' title='bbox 443 4285 528 4339; x_wconf 84' lang='lat' dir='ltr'><strong>findet</strong></span> <span class='ocrx_word' id='word_1_384' title='bbox 548 4285 606 4338; x_wconf 88' lang='lat' dir='ltr'><strong>sich</strong></span> <span class='ocrx_word' id='word_1_385' title='bbox 628 4285 679 4340; x_wconf 91' lang='lat' dir='ltr'><strong>mit</strong></span> <span class='ocrx_word' id='word_1_386' title='bbox 695 4286 824 4356; x_wconf 79' lang='lat' dir='ltr'><strong>jungerer</strong></span> <span class='ocrx_word' id='word_1_387' title='bbox 842 4286 955 4341; x_wconf 83' lang='lat' dir='ltr'><strong>Schrilt.</strong></span> 
     </span>
    </p>

    <p class='ocr_par' dir='ltr' id='par_1_12' title="bbox 209 4369 1459 4773">
     <span class='ocr_line' id='line_1_40' title="bbox 314 4369 1458 4440; baseline 0.003 -16"><span class='ocrx_word' id='word_1_388' title='bbox 314 4369 356 4424; x_wconf 85' lang='lat' dir='ltr'><strong>Ad</strong></span> <span class='ocrx_word' id='word_1_389' title='bbox 375 4370 540 4440; x_wconf 82' lang='lat' dir='ltr'><strong>Marginem:</strong></span> <span class='ocrx_word' id='word_1_390' title='bbox 560 4387 608 4424; x_wconf 77' lang='lat' dir='ltr'><strong>»ex</strong></span> <span class='ocrx_word' id='word_1_391' title='bbox 626 4371 676 4426; x_wconf 92' lang='lat' dir='ltr'><strong>hoc</strong></span> <span class='ocrx_word' id='word_1_392' title='bbox 701 4371 809 4428; x_wconf 82' lang='lat' dir='ltr'><strong>videtur</strong></span> <span class='ocrx_word' id='word_1_393' title='bbox 827 4373 1041 4428; x_wconf 87' lang='lat' dir='ltr'><strong>Paenitentiales</strong></span> <span class='ocrx_word' id='word_1_394' title='bbox 1067 4375 1116 4429; x_wconf 86' lang='lat' dir='ltr'><strong>has</strong></span> <span class='ocrx_word' id='word_1_395' title='bbox 1141 4373 1343 4428; x_wconf 81' lang='lat' dir='ltr'><strong>observationes</strong></span> <span class='ocrx_word' id='word_1_396' title='bbox 1363 4373 1458 4429; x_wconf 88' lang='lat' dir='ltr'><strong>adesse</strong></span> 
     </span>
     <span class='ocr_line' id='line_1_41' title="bbox 210 4456 1457 4530; baseline 0.004 -21"><span class='ocrx_word' id='word_1_397' title='bbox 210 4456 346 4512; x_wconf 86' lang='lat' dir='ltr'><strong>Romanae</strong></span> <span class='ocrx_word' id='word_1_398' title='bbox 364 4456 499 4510; x_wconf 84' lang='lat' dir='ltr'><strong>Ecclesiae</strong></span> <span class='ocrx_word' id='word_1_399' title='bbox 518 4473 598 4526; x_wconf 89' lang='lat' dir='ltr'><strong>penes</strong></span> <span class='ocrx_word' id='word_1_400' title='bbox 618 4473 698 4527; x_wconf 87' lang='lat' dir='ltr'><strong>quam</strong></span> <span class='ocrx_word' id='word_1_401' title='bbox 716 4475 819 4530; x_wconf 89' lang='lat' dir='ltr'><strong>semper</strong></span> <span class='ocrx_word' id='word_1_402' title='bbox 837 4459 879 4513; x_wconf 91' lang='lat' dir='ltr'><strong>dic</strong></span> <span class='ocrx_word' id='word_1_403' title='bbox 898 4460 1005 4515; x_wconf 87' lang='lat' dir='ltr'><strong>sabbati</strong></span> <span class='ocrx_word' id='word_1_404' title='bbox 1023 4459 1077 4515; x_wconf 85' lang='lat' dir='ltr'><strong>fnit</strong></span> <span class='ocrx_word' id='word_1_405' title='bbox 1092 4460 1226 4530; x_wconf 87' lang='lat' dir='ltr'><strong>jejunium</strong></span> <span class='ocrx_word' id='word_1_406' title='bbox 1250 4459 1457 4530; x_wconf 86' lang='lat' dir='ltr'><strong>praescriptum,</strong></span> 
     </span>
     <span class='ocr_line' id='line_1_42' title="bbox 211 4540 1458 4616; baseline 0.004 -20"><span class='ocrx_word' id='word_1_407' title='bbox 211 4540 258 4596; x_wconf 88' lang='lat' dir='ltr'><strong>sed</strong></span> <span class='ocrx_word' id='word_1_408' title='bbox 276 4544 366 4612; x_wconf 89' lang='lat' dir='ltr'><strong>polius</strong></span> <span class='ocrx_word' id='word_1_409' title='bbox 384 4546 510 4612; x_wconf 85' lang='lat' dir='ltr'><strong>putamus</strong></span> <span class='ocrx_word' id='word_1_410' title='bbox 529 4559 587 4597; x_wconf 88' lang='lat' dir='ltr'><strong>esse</strong></span> <span class='ocrx_word' id='word_1_411' title='bbox 605 4545 744 4599; x_wconf 89' lang='lat' dir='ltr'><strong>orientalis</strong></span> <span class='ocrx_word' id='word_1_412' title='bbox 764 4546 897 4611; x_wconf 86' lang='lat' dir='ltr'><strong>ecclcsiae,</strong></span> <span class='ocrx_word' id='word_1_413' title='bbox 917 4545 989 4615; x_wconf 86' lang='lat' dir='ltr'><strong>qued</strong></span> <span class='ocrx_word' id='word_1_414' title='bbox 1008 4547 1090 4600; x_wconf 87' lang='lat' dir='ltr'><strong>etiarn</strong></span> <span class='ocrx_word' id='word_1_415' title='bbox 1107 4546 1169 4600; x_wconf 85' lang='lat' dir='ltr'><strong>inde</strong></span> <span class='ocrx_word' id='word_1_416' title='bbox 1193 4545 1364 4616; x_wconf 87' lang='lat' dir='ltr'><strong>conspicitur,</strong></span> <span class='ocrx_word' id='word_1_417' title='bbox 1386 4547 1458 4616; x_wconf 88' lang='lat' dir='ltr'><strong>quod</strong></span> 
     </span>
     <span class='ocr_line' id='line_1_43' title="bbox 209 4628 1459 4703; baseline 0.004 -21"><span class='ocrx_word' id='word_1_418' title='bbox 209 4630 242 4683; x_wconf 89' lang='lat' dir='ltr'><strong>ut</strong></span> <span class='ocrx_word' id='word_1_419' title='bbox 260 4629 398 4698; x_wconf 78' lang='lat' dir='ltr'><strong>putabitur</strong></span> <span class='ocrx_word' id='word_1_420' title='bbox 415 4628 528 4684; x_wconf 81' lang='lat' dir='ltr'><strong>interius</strong></span> <span class='ocrx_word' id='word_1_421' title='bbox 539 4629 620 4685; x_wconf 85' lang='lat' dir='ltr'><strong>datur</strong></span> <span class='ocrx_word' id='word_1_422' title='bbox 640 4633 682 4686; x_wconf 87' lang='lat' dir='ltr'><strong>sta</strong></span> <span class='ocrx_word' id='word_1_423' title='bbox 702 4631 815 4688; x_wconf 85' lang='lat' dir='ltr'><strong>misedia</strong></span> <span class='ocrx_word' id='word_1_424' title='bbox 833 4631 1039 4700; x_wconf 70' lang='lat' dir='ltr'><strong>(misericordia)</strong></span> <span class='ocrx_word' id='word_1_425' title='bbox 1056 4632 1122 4698; x_wconf 80' lang='lat' dir='ltr'><strong>illis,</strong></span> <span class='ocrx_word' id='word_1_426' title='bbox 1132 4632 1179 4700; x_wconf 89' lang='lat' dir='ltr'><strong>qni</strong></span> <span class='ocrx_word' id='word_1_427' title='bbox 1191 4632 1333 4687; x_wconf 80' lang='lat' dir='ltr'><strong>comedent</strong></span> <span class='ocrx_word' id='word_1_428' title='bbox 1346 4632 1459 4703; x_wconf 81' lang='lat' dir='ltr'><strong>sungui-</strong></span> 
     </span>
     <span class='ocr_line' id='line_1_44' title="bbox 210 4715 522 4773; baseline -0.006 -1"><span class='ocrx_word' id='word_1_429' title='bbox 210 4731 271 4772; x_wconf 89' lang='lat' dir='ltr'><strong>nem</strong></span> <span class='ocrx_word' id='word_1_430' title='bbox 289 4716 333 4772; x_wconf 88' lang='lat' dir='ltr'><strong>vel</strong></span> <span class='ocrx_word' id='word_1_431' title='bbox 351 4715 522 4773; x_wconf 84' lang='lat' dir='ltr'><strong>suffocatum.</strong></span> 
     </span>
    </p>
   </div>
   <div class='ocr_carea' id='block_1_9' title="bbox 0 0 1580 4978">
    <p class='ocr_par' dir='ltr' id='par_1_13' title="bbox 0 0 1580 4978">
     <span class='ocr_line' id='line_1_45' title="bbox 0 0 1580 4978; baseline 0 2"><span class='ocrx_word' id='word_1_432' title='bbox 0 0 1580 4978; x_wconf 95' lang='lat' dir='ltr'><strong> </strong></span> 
     </span>
    </p>
   </div>
  </div>
 </body>
</html>
