3178 4962
271 266 441 335 Spinerslrp.
476 267 661 336 Necessitas,
681 269 718 320 nt
734 267 837 338 pcepta
856 269 999 337 tinpreunn
1018 265 1132 323 calleat
1148 267 1266 338 pastor.
1319 245 1381 314 259
1400 311 1403 318 .

246 438 484 505 Praedicutioni
503 439 588 503 certi
602 437 675 504 ¹Dei
698 439 801 504 autern
822 439 994 522 antiquitus
1025 438 1167 523 Episcopi
1187 439 1249 505 lere
1276 439 1381 522 priva-

137 544 205 612 tive
226 543 378 608 vacabant
397 543 481 628 (Act.
506 543 559 609 VI.
581 545 623 621 2,
647 563 672 608 c.
699 545 727 608 6,
749 544 787 609 D.
813 544 900 628 88.),
934 563 1029 627 eaque
1064 544 1231 629 hodiedum
1261 563 1381 628 quoque

138 649 191 713 est
210 648 408 730 praecipuum
424 667 528 714 eorum
549 667 670 714 munus
716 647 839 712 Etonim
857 647 923 732 janu
937 647 1135 714 Innocentius
1155 648 1211 716 III.
1234 649 1268 712 in
1290 648 1380 714 Cone.
1419 681 1448 726 ῃ
1537 651 1541 664 “

137 752 343 818 Lateranenei
365 751 420 818 IV.
448 735 494 818 ita
513 752 663 818 sancivit:
739 776 741 780 ·
1378 763 1384 773 ·
1426 764 1454 822 ,“

290 857 397 935 „Inter
417 858 548 934 caetera,
572 875 651 940 quae
672 855 710 920 ad
735 856 868 920 salutern
901 856 1046 938 spectant
1071 855 1176 938 populi
1208 855 1381 933 christiani,

247 961 414 1044 „pabulum
438 961 521 1026 verbi
544 961 600 1025 Dei
623 956 810 1042 permarinis
830 959 889 1024 sibi
913 945 1048 1024 noscitur
1068 979 1134 1024 esse
1164 943 1381 1038 necessarium,

247 1066 341 1147 „quia
363 1066 442 1132 sicut
466 1085 573 1148 corpus
596 1065 772 1142 mutariali,
802 1065 846 1130 sic
869 1065 973 1128 anirna
993 1065 1149 1147 spirituali
1181 1066 1248 1130 cibo
1278 1067 1380 1130 nutri·
1417 1141 1418 1148 ἵ

247 1171 336 1250 „tuu,
371 1188 406 1235 eo
439 1170 520 1252 quod
554 1189 613 1234 non
648 1169 680 1232 in
711 1169 779 1234 solo
809 1188 886 1253 pauc
920 1169 1007 1234 visit»
1032 1169 1139 1247 bomo,
1172 1169 1226 1234 sed
1247 1169 1279 1233 in
1300 1154 1382 1234 omui
1467 1193 1470 1197 ·

245 1274 370 1353 „verbo
393 1273 473 1357 quod
487 1273 634 1356 ,procedit
654 1274 691 1338 de
714 1292 766 1338 ore
789 1273 857 1338 Dei.
903 1273 990 1338 Unde
1011 1293 1081 1338 cunr
1103 1293 1193 1356 saepe
1210 1274 1381 1358 contingat,
1467 1300 1469 1306 ·

247 1378 351 1460 „quod
371 1379 514 1461 Episcopi
534 1381 658 1461 propter
679 1397 749 1442 suas
772 1378 987 1460 occupationes
1014 1377 1223 1460 multiplices,
1254 1377 1302 1442 vel
1332 1378 1382 1441 iu·
1442 1461 1447 1471 Ι

247 1483 458 1561 „valetudines
477 1483 666 1564 corporales,
690 1484 752 1546 'aut
784 1482 914 1552 hostiles
943 1483 1099 1561 incursus,
1134 1501 1189 1546 seu
1211 1482 1382 1547 occasiones

142 1581 145 1586 ’
172 1588 196 1630 '-
248 1587 348 1667 „alias
369 1588 420 1670 (ne
443 1588 586 1653 dicantus
608 1588 761 1668 defectam
783 1587 940 1664 scientiae,
965 1587 1058 1668 qnod·
1076 1587 1110 1650 in
1133 1587 1179 1651 eis
1207 1591 1381 1666 reprobun-
1465 1633 1468 1657 .

248 1693 344 1770 ,duni
367 1697 410 1757 est
432 1693 565 1770 cannino,
587 1711 642 1756 nec
665 1692 703 1756 de
725 1697 843 1756 wetere
863 1690 1069 1771 tolerandum)
1084 1709 1148 1771 por
1178 1690 1293 1773 seipsos
1324 1709 1383 1755 nou

217 1811 219 1816 ·
248 1791 427 1875 „sufficiunt
447 1796 624 1860 ministrare
647 1796 774 1860 verbum
796 1795 856 1858 Dei
875 1794 1008 1877 populo,
1030 1793 1161 1857 maxime
1184 1811 1239 1876 per
1262 1777 1411 1878 amplas
1482 1843 1484 1848 s
1582 1807 1583 1812 ’

249 1899 421 1977 „dioeceses
442 1900 473 1964 et
493 1899 622 1974 effusas:
646 1898 783 1984 generali
806 1898 1028 1963 constitutione
1051 1891 1217 1973 sancimus,
1243 1895 1380 1979 utEpis·

249 2004 338 2086 „oopi
361 2005 441 2069 viros
457 2004 586 2069 ¹idoneos
607 2004 646 2068 ad
666 1999 791 2068 sanabo
810 1998 1049 2087 praedicationis
1061 2001 1196 2066 officium
1218 1988 1384 2092 salubriter

249 2109 478 2192 „excquendum
501 2111 671 2186 assumant,
697 2110 837 2191 potentes
858 2107 889 2171 iu
912 2119 1004 2190 opere
1024 2107 1216 2183 etsermoue,
1240 2105 1293 2187 qui
1317 2105 1383 2188 ple-

183 2273 188 2287 ,
251 2215 327 2302 „bes
344 2213 403 2276 sibi
423 2212 603 2277 commissas
633 2214 699 2276 uice
728 2214 871 2293 ipsoram
903 2209 988 2294 (cum
1020 2228 1074 2294 per
1102 2228 1135 2274 se
1164 2208 1247 2272 idem
1279 2209 1387 2292 nequi-

251 2317 384 2396 „voriutl
408 2317 533 2385 solicite
549 2317 735 2394 visitantes,
772 2335 823 2380 ees
856 2315 946 2380 cerdo
977 2313 1150 2399 aedificent
1172 2315 1203 2378 et
1232 2313 1388 2403 exemplo:

250 2421 383 2503 „quibus
402 2420 461 2502 ipsi
485 2439 555 2484 curn
567 2420 767 2505 indiguerint,
792 2439 931 2513 congrue,
950 2419 1119 2484 necessaria
1131 2417 1386 2481 subministrent:
1410 2409 1412 2412 ’

251 2545 308 2605 „ne
330 2543 383 2608 pro
399 2525 640 2590 necessariorum
654 2525 774 2589 defectu
786 2524 1010 2607 compellantur
1027 2509 1180 2613 desistere
1202 2522 1240 2585 ab
1256 2520 1387 2603 incepto.

252 2630 359 2708 „Unde
380 2629 602 2712 praecipimus,
627 2630 693 2692 tum
713 2627 745 2692 in
769 2627 1016 2705 cathedralibus,
1046 2645 1138 2709 quarn
1162 2625 1193 2689 in
1220 2625 1383 2698 aliiscou-

250 2734 466 2815 „nentualibus
498 2732 646 2797 Ecclesiis
683 2733 763 2796 viros
796 2731 920 2795 idoneos
953 2730 1110 2807 ordinari,
1145 2747 1220 2812 quos
1243 2729 1384 2811 Episcopi

252 2839 389 2924 „possint
412 2839 608 2920 coadjutores
621 2838 652 2901 et
668 2841 882 2918 cooperatores
895 2834 1019 2911 habore,
1039 2853 1100 2897 non
1115 2833 1215 2900 solum
1238 2833 1273 2896 in
1284 2853 1383 2912 prce·

252 2945 439 3026 „dicationis
458 2943 573 3026 oficio,
597 2955 702 3008 terrum
725 2941 819 3006 etiam
839 2939 1064 3026 in-unuiiendis
1086 2937 1332 3018 confessionibus
1354 2937 1394 3010 et

252 3047 469 3132 „poenitentiis
491 3046 700 3130 injungendis,
723 3065 758 3110 ac
782 3044 930 3122 caeteris,
953 3055 1041 3126 uuae
1062 3042 1101 3107 ad
1124 3041 1258 3106 salutern
1289 3040 1386 3123 perti·

251 3155 347 3235 „nent
368 3152 546 3217 sciurorum.
592 3149 694 3233 Siquis
719 3151 821 3215 autern
845 3148 902 3213 hoc
937 3147 1106 3230 adimplere
1133 3145 1315 3240 neglexerit,
1338 3143 1387 3206 di-

252 3257 400 3338 „strictes
420 3252 578 3339 subjaceat
605 3255 748 3320 ultioni.“
768 3267 772 3276 ¹
794 3253 922 3339 Legitur
952 3253 1028 3318 haec
1061 3250 1231 3317 Decretulis
1260 3249 1292 3314 in
1321 3261 1386 3330 cup.

253 3363 325 3445 „la
349 3360 388 3425 X.
412 3360 451 3443 (I.
475 3361 541 3442 31.)
629 3365 631 3370 '
1286 3366 1290 3374 “

195 3480 198 3484 ’
253 3469 322 3534 Hoc
343 3469 409 3532 tam
432 3464 553 3529 salubre
577 3462 707 3528 Concilii
730 3459 944 3526 Eateianensis
968 3459 1021 3525 lV.
1045 3457 1227 3523 mandatum
1256 3457 1386 3520 innova-

148 3575 197 3641 vit
217 3572 358 3658 Synodus
382 3569 581 3648 Tridentino,
611 3586 684 3632 sess.
708 3564 818 3632 V.‹de·
837 3563 1054 3628 reformatione
1076 3563 1143 3645 capi
1177 3554 1207 3628 2'.
1242 3561 1289 3624 ita
1305 3577 1391 3622 san·
1478 3605 1479 3614 ,

150 3695 252 3743 cuens:
1358 3725 1363 3731 ,
1455 3737 1458 3742 ,

299 3777 401 3860 „Quia
422 3750 492 3841 vero
515 3774 700 3840 christianae
719 3770 908 3854 reipublicae
937 3789 997 3835 uon
1019 3769 1122 3833 minus
1144 3766 1316 3834 necessaria
1344 3767 1392 3830 est

254 3881 471 3966 „proedicutic
501 3879 687 3962 hisengein,
721 3897 815 3960 quarn
842 3874 933 3940 lectio
960 3875 992 3940 et
1017 3875 1072 3940 boc
1110 3878 1154 3940 est
1182 3873 1393 3954 praeternam

255 3987 492 4070 „episcoporum
513 4003 646 4059 mnnns3
670 3981 783 4046 statuit
806 3981 838 4044 et
862 3978 998 4044 decrerit
1021 3977 1129 4042 eadem
1161 3977 1269 4041 sancta
1292 3974 1415 4059 Synov

256 4091 334 4171 „dus
354 4107 458 4160 omnes
474 4087 649 4171 Episcopos,
671 4084 936 4166 Arobiepiscopos,
960 4082 1125 4158 Primetes,
1149 4080 1180 4144 et
1197 4098 1303 4144 ornnes
1318 4078 1394 4142 elios

257 4194 476 4275 ‚ecclesiarum
498 4191 653 4275 praelatos
674 4190 773 4257 teneri
790 4209 851 4271 per
873 4189 1010 4268 seipsos,
1029 4185 1060 4280 si
1083 4185 1226 4268 legitime
1252 4181 1396 4266 impediti

258 4305 339 4379 „nori
359 4298 484 4375 fuerint,
505 4297 548 4362 ud
567 4294 823 4378 praedicandum
846 4297 990 4358 sarrctnni
1011 4290 1093 4356 Jesn
1111 4287 1233 4354 Christi
1252 4286 1396 4368 Eronos·

258 4403 365 4481 „tinia
409 4399 443 4470 Si
463 4418 534 4465 vero
557 4397 723 4482 contigerit
745 4396 931 4480 Episcopus,
956 4397 988 4460 et
1013 4393 1089 4458 alios
1113 4390 1288 4474 praedictos
1318 4387 1397 4471 legi·

258 4507 356 4588 „timo
376 4504 509 4570 detineri
528 4503 768 4588 impedimento,
799 4501 891 4584 juxta
922 4498 1053 4564 formam
1088 4493 1241 4580 generalis
1277 4491 1431 4564 concilii„

258 4611 360 4692 „viros
384 4602 509 4675 idoneos
533 4602 689 4674 assumere
709 4607 875 4673 teneantur
897 4605 936 4670 ad
959 4599 1137 4686 hujusmodi
1153 4593 1393 4682 praedicationis

1077 4729 1081 4734 .
1105 4749 1109 4752 ¹
1197 4697 1263 4764 17*
1344 4729 1348 4738 .
