3150 4978
415 252 483 310 Duo
501 253 732 313 Poeaiteadclc
756 250 985 310 Valicelloaom
1003 249 1038 310 Ε.
1058 252 1103 309 15.
1340 237 1382 304 35

134 425 292 511 polluitur
314 446 453 494 sermone
475 427 531 492 XL
553 425 620 493 dies
652 425 801 512 peniteat.
846 425 1011 494 Oseulatus
1043 425 1148 492 autem
1170 445 1241 493 eum
1264 427 1296 493 et
1317 445 1384 492 am·

134 531 282 616 plexutus
307 531 358 598 III
379 531 435 598 XL
456 531 595 617 peniteat
619 530 752 618 diligens
773 532 898 598 tautum
920 530 1025 596 mente
1046 529 1107 595 VH
1127 531 1193 597 dies
1214 530 1361 616 peniteat.

504 654 609 739 (Mers.
635 673 660 720 c.
687 653 758 720 123.
782 651 875 739 Greg.
899 671 925 720 e.
945 652 1014 738 65.)

248 757 411 824 XXXVIL
435 757 625 844 Legitimum
647 755 826 843 conjugium
853 775 912 823 nou
934 757 1016 824 licet
1030 775 1183 841 separare,
1205 755 1263 823 ndsi
1286 756 1385 823 fuerit

135 880 308 928 consensus
333 863 504 929 amborum.

489 966 526 1032 In
549 965 624 1032 (iau.
649 964 798 1049 Aplorum
821 963 896 1031 bera
918 964 1034 1032 XLIII.

248 1174 428 1242 XXXVIII.
463 1173 497 1241 Si
526 1174 595 1258 quis
623 1068 956 1259 ῗέἓέἰθῷεοῆιηυξὲοω
991 1171 1144 1240 dimiserIt
1173 1174 1206 1239 et
1227 1172 1381 1258 acceperit

135 1279 245 1358 aliam,
262 1278 311 1345 illi
333 1278 413 1344 tales
436 1297 507 1344 curn
522 1277 649 1364 Xtieuis
670 1296 729 1344 non
751 1277 950 1358 manducent,
972 1296 1028 1347 uec
1050 1275 1133 1344 ullus
1155 1295 1224 1344 curn
1240 1279 1285 1344 eis
1300 1297 1384 1344 com·

139 1382 242 1448 munis
263 1383 315 1460 sit,
339 1381 393 1448 sed
417 1381 674 1469 exeommunicati
691 1401 710 1448 a
725 1381 861 1449 XtiauIs.

538 1503 642 1570 Canon
664 1502 932 1570 Novecesariensis
954 1504 988 1569 L.

628 1608 734 1693 (Mers.
758 1627 784 1676 c.
811 1608 896 1693 104.)

244 1706 440 1779 XXXVIIII.
475 1710 510 1778 Si
533 1713 645 1778 mulier
665 1732 684 1778 a
705 1711 771 1778 viro
794 1730 849 1776 suo
872 1709 1049 1777 discesserit
1072 1712 1104 1777 et
1125 1712 1239 1787 iterum
1260 1730 1383 1780 reuersa

138 1817 245 1897 fuerit,
271 1817 422 1902 suscipiat
436 1817 666 1884 eameinedote
679 1818 712 1883 et
732 1816 800 1900 ipsa
812 1834 872 1882 uno
893 1833 972 1880 anuo
987 1815 1020 1880 iu
1040 1818 1154 1900 ponet
1168 1834 1217 1900 aq.
1230 1817 1382 1903 peniteat3

136 1920 284 1986 similiter
303 1923 337 1987 et
358 1921 406 1988 vir
428 1920 456 1986 si
476 1920 571 1987 eliam
593 1920 725 1986 duxerit

465 2041 609 2108 Decretis
632 2043 715 2126 Pape
734 2035 853 2106 Leonis
868 2039 943 2106 here
963 2039 1061 2108 XLII.
1138 2122 1141 2128 μ

627 2146 733 2226 (Mers.
757 2164 783 2212 c.
810 2143 896 2230 115.)
1399 2207 1402 2216 .

245 2249 311 2316 XL.
334 2248 368 2315 si
390 2269 451 2334 qua
472 2249 585 2317 mulier
605 2251 644 2316 ab
659 2250 748 2316 hoste
766 2251 858 2333 repta
872 2248 1023 2314 infantem
1041 2268 1132 2314 suum
1153 2249 1286 2316 invitum
1308 2267 1380 2334 pro·

138 2351 218 2436 jicit,
244 2353 309 2419 sive
328 2371 408 2437 quae
439 2371 500 2420 non
523 2355 626 2438 potest
648 2356 731 2419 stare
757 2354 813 2418 aut
834 2352 962 2432 nutrire,
987 2371 1046 2418 non
1075 2354 1123 2419 est
1145 2351 1307 2438 culpanda,
1328 2351 1382 2420 sod

138 2459 244 2529 tamn
270 2457 320 2523 III
340 2456 523 2523 ebdomades
545 2457 691 2542 peniteat.
1088 2511 1089 2514 ,

477 2623 489 2646 .,
503 2561 610 2646 (Mers.
637 2581 663 2627 c.
688 2562 741 2628 94.
786 2559 879 2646 Greg.
902 2578 929 2626 e.
954 2559 1020 2645 72.)

243 2664 326 2733 XLI.
346 2662 380 2730 Si
402 2665 480 2748 quis,
505 2663 593 2747 cujus
615 2663 850 2729 uxoremhostis
863 2662 1037 2742 abstulerit,
1060 2663 1092 2728 et
1111 2683 1171 2730 uon
1190 2667 1292 2749 potest
1312 2685 1380 2732 eam
1510 2647 1513 2653 ¹

132 2769 300 2848 redimere,
322 2769 397 2834 licet
419 2787 488 2834 eum
520 2767 614 2833 aliam
648 2767 846 2856 acciperesi
868 2768 975 2850 postea
1002 2766 1139 2847 redierit,
1159 2767 1256 2836 alium
1279 2771 1379 2838 utrum

135 2873 270 2959 accipiet
291 2875 323 2938 et
346 2873 421 2950 illa3
442 2871 486 2937 sic
504 2873 536 2938 et
558 2872 710 2938 deservis
732 2869 959 2938 transmarinis.

484 2993 592 3076 (Mers.
617 3012 642 3058 c.
666 2994 737 3060 133.
784 2990 877 3076 Greg.
902 3012 928 3060 c.
951 2992 1035 3078 127.)

241 3097 342 3164 XLII.
367 3096 400 3163 si
423 3097 492 3180 quIs
515 3097 627 3163 coitum
642 3097 757 3163 ¹fecerit
777 3097 826 3162 die
850 3095 1013 3176 dominico,
1038 3116 1056 3161 a
1079 3095 1143 3162 Deo
1170 3097 1257 3180 petat
1277 3095 1380 3162 indul·

136 3200 278 3284 gentiam
302 3203 333 3264 et
352 3199 402 3264 III
423 3199 489 3266 dies
511 3200 659 3285 peniteat.
684 3199 811 3266 Glossa:
836 3199 926 3266 Ooitu
948 3199 980 3265 id
1003 3202 1050 3266 cst
1074 3199 1245 3284 conjunctis
1267 3200 1380 3266 marito

135 3306 170 3368 et
192 3303 318 3372 femina.

494 3408 599 3474 Canon
621 3406 860 3474 neocesariensis
883 3406 958 3473 hera
983 3407 1025 3474 ΙΙ.

431 3511 538 3596 (Mers.
563 3511 588 3577 c.
614 3513 696 3594 136,
721 3511 795 3578 Can.
820 3512 968 3579 Neocaes.
989 3531 1015 3579 c.
1039 3511 1083 3597 2.)

241 3614 373 3683 XLIIII.
393 3614 427 3681 si
450 3614 519 3700 quis
542 3634 613 3681 cum
633 3615 751 3682 duobus
771 3615 920 3682 iratribus
942 3615 1091 3700 nupserit,
1108 3615 1273 3681 seeundum
1287 3635 1380 3683 cano·

136 3737 193 3785 nes
216 3737 315 3803 usque
338 3719 377 3784 ad
401 3720 516 3785 exitum
540 3720 604 3785 vite
626 3739 680 3786 sue
702 3719 851 3804 peniteat.

568 3842 643 3910 Cau.
670 3842 770 3908 niceni
793 3843 869 3908 hera
889 3842 947 3910 III.

518 3945 624 4029 (Mers.
646 3963 673 4012 e.
699 3947 781 4026 137,
806 3946 875 4013 Nic.
899 3964 924 4011 c.
949 3946 993 4031 3.)

241 4048 335 4116 XLV.
359 4046 576 4116 Sacerdotibus
596 4068 655 4114 uon
676 4049 752 4116 licet
773 4050 886 4116 habere
913 4066 1019 4114 secum
1048 4048 1179 4114 feminas
1207 4051 1293 4118 extra
1315 4069 1401 4116 rna.

137 4155 217 4220 trem
240 4153 296 4219 aut
315 4172 458 4236 sororem,
481 4151 582 4220 aviam
603 4170 701 4220 suam.

615 4275 663 4341 De
685 4274 756 4342 odio
778 4273 894 4342 fratris.

492 4379 598 4464 (Mers.
619 4398 646 4447 c.
671 4380 755 4459 100,
780 4377 873 4464 Greg.
894 4397 920 4446 c.
943 4376 1029 4462 118.)

240 4481 350 4548 XLVI.
377 4480 411 4548 Si
433 4483 501 4569 pbr.
531 4482 677 4550 feminam
709 4502 764 4568 per
798 4482 984 4552 desiderium
1011 4479 1198 4548 osculaverit
1226 4480 1286 4545 XX
1314 4479 1381 4546 dies

134 4585 276 4673 penited
297 4586 331 4651 et
348 4587 376 4653 si
397 4605 505 4657 semen
527 4606 581 4673 per
600 4588 741 4656 osculum
765 4587 875 4671 mittit,
898 4586 955 4652 XL
973 4575 1121 4673 peniteat
1168 4684 1213 4752 3*
1340 4661 1342 4664 ,
