3120 4956
138 215 192 302 Pu
209 245 270 302 ΡΡ.
289 235 344 303 IX.
366 233 510 318 apostola
529 231 696 316 Masclion
717 247 746 302 d.
764 235 811 302 24'.
831 229 903 304 Dec.
921 234 1005 303 zeid.
1023 234 1131 314 (Jeou.
1150 246 1247 316 auio.)
1291 217 1355 295 369

108 419 182 484 dum
204 438 240 484 ex
263 417 460 504 nrrmgatione
483 419 515 484 ct
544 419 657 485 ‘itincre
679 438 714 486 se
743 418 961 504 recipientibus
986 398 1165 503 plenissime
1192 419 1357 506 suffragari
1420 485 1444 497 „

107 523 263 604 volumus,
285 525 378 606 atque
399 522 611 588 decernimus:
634 542 695 589 uon
717 522 913 590 obstantibus
931 523 1192 609 'deIudulgentiis
1213 542 1357 594 noncou-

104 627 255 704 eedendis
279 628 319 693 ad
341 627 458 704 instar,
482 626 612 710 aliisque
633 625 843 715 ‘Apostolicis,
877 628 909 693 et
928 627 961 691 in
982 627 1207 720 universalibus
1226 619 1356 713 'prouin-

109 730 252 810 cialibus,
266 733 304 796 et
327 730 527 816 synodalibus
539 730 676 796 conciliis
694 731 786 798 editis
796 731 1079 811 constitutionibus,
1102 732 1356 815 ordinationibus,

109 837 142 901 et
161 835 359 920 generalibus
382 853 437 900 seu
457 834 643 918 specialibus
672 835 925 934 absolutionum,
958 855 1012 902 seu
1045 835 1288 925 relaxationem,
1320 858 1357 904 ac

113 939 378 1022 dispensationum
398 938 668 1018 reseruatiouibus,
692 959 831 1006 nec-non
854 935 1117 1025 quorumcumque
1147 941 1241 1006 etiam
1264 941 1357 1006 Mon-

109 1042 300 1122 dioantium,
325 1043 568 1111 etMilitarinm
591 1043 750 1124 ordinum,
775 1046 1066 1130 congregationum,
1091 1047 1124 1110 et
1142 1045 1358 1110 institutorum
1396 1073 1402 1088 ·

110 1148 205 1212 etiam
225 1146 412 1230 juramento,
432 1146 605 1214 confirmat
581 1135 664 1214 trono
686 1149 889 1232 Apostoliee,
911 1151 962 1216 vel
984 1151 1093 1235 quavis
1116 1149 1265 1216 firmitate
1295 1151 1358 1216 alia
1382 1214 1384 1218 .

109 1245 262 1316 roboratis
286 1249 426 1328 statutis,
447 1250 580 1334 legibus,
604 1251 721 1330 usibus,
748 1253 1074 1332 etoonsuetudinihus,
1097 1253 1358 1360 privilegiisque

101 1373 192 1438 *que,
216 1353 370 1434 indultis,
404 1337 437 1421 et
458 1355 560 1422 literis
582 1357 771 1440 Apostolieis
793 1357 910 1424 eisdem
930 1359 1102 1434 concessis,
1124 1328 1334 1441 praesertim
1325 1378 1357 1423 ιιι

112 1460 222 1543 quibus
246 1461 392 1525 caveatur
404 1477 552 1544 expresse
573 1461 656 1544 quod
675 1460 808 1545 alicujus
831 1461 959 1538 ordinis,
979 1461 1358 1546 congregationisetiu·
1465 1460 1468 1468 ’

111 1565 217 1644 stituti
240 1563 421 1647 hujusmodi
443 1563 629 1662 professores
652 1565 739 1629 extro
760 1565 915 1648 propriam
938 1565 1120 1650 religionem
1146 1567 1272 1650 peccata
1302 1585 1358 1631 sua
1435 1609 1437 1612 -

111 1667 250 1732 confiteri
272 1667 502 1750 prohibeantur.
548 1667 667 1764 Quibus
690 1669 833 1734 omnihus
862 1671 895 1734 et
916 1669 1049 1755 singulis
1080 1670 1205 1736 etiamsi
1234 1670 1358 1754 prosil-

110 1771 212 1870 lerum
236 1771 404 1838 smricienti
427 1771 626 1856 derogatione
649 1772 688 1837 de
707 1773 773 1838 'illis
798 1791 964 1856 eorumque
992 1773 1068 1838 totis
1097 1771 1257 1840 tenoribus
1284 1791 1362 1857 spe--

112 1875 213 1952 ciclis,
237 1873 389 1957 specifica,
412 1870 565 1958 eipressa,
588 1877 619 1940 et
642 1874 804 1942 individua
825 1877 942 1942 mentio
963 1875 1123 1957 facienda,
1145 1876 1195 1943 rel
1219 1876 1283 1942 elia
1306 1896 1357 1942 er·
1483 1862 1487 1872 ’

113 1977 229 2062 quisita
251 1978 348 2044 forma
373 1979 467 2044 adid
492 1980 643 2045 servanda
663 1981 759 2058 leret,
785 1979 966 2065 huJusmodi
996 1981 1118 2046 tenores
1145 1999 1200 2063 pro
1222 1980 1357 2059 insertis,

104 2083 144 2146 et
166 2081 280 2148 formas
301 2101 356 2165 pro
380 2083 575 2150 exactissime
597 2085 729 2150 servatis
749 2085 864 2150 hebent
866 2103 965 2168 aspro
988 2084 1088 2150 hac
1061 2103 1134 2164 vice,
1159 2086 1192 2148 et
1213 2084 1356 2168 adprae-

111 2175 274 2250 missomm
302 2186 447 2254 effectum
471 2187 634 2254 dumtaxat
655 2189 833 2273 plenissime
855 2189 1050 2274 derogamus,
1073 2189 1290 2314 caeterisque
1286 2207 1358 2253 oon-

111 2291 216 2355 trariis
240 2290 494 2376 quibuscumque.

213 2393 295 2458 Dum
320 2411 398 2460 vero
419 2415 474 2480 pro
497 2397 676 2480 apostolico
699 2416 847 2476 munere,
881 2415 940 2481 quo
963 2397 1145 2484 lmgimur,
1179 2397 1211 2462 et
1233 2415 1288 2480 pro
1322 2417 1358 2464 ea

114 2496 334 2576 sollicitudine,
357 2517 419 2581 qua
441 2499 617 2565 uniuersum
641 2499 759 2567 Christi
778 2519 906 2588 gregem
930 2499 1094 2584 complecti
1116 2500 1280 2582 dehemus,
1308 2520 1358 2566 sa-

108 2600 242 2665 lutarem
273 2601 352 2666 hanc
380 2603 571 2668 remissionis
606 2606 638 2669 et
671 2606 792 2690 grabes
826 2603 1058 2689 consequendae
1092 2604 1358 2698 opportunitatem

112 2705 319 2788 proponimus,
343 2706 445 2772 faeere
468 2725 528 2772 non
553 2707 728 2790 possumus,
751 2709 827 2791 quin
849 2707 1176 2788 omnesPatriarehes,
1199 2707 1353 2774 Primates

109 2807 377 2892 archiepiscopos,
396 2809 573 2894 Episcopos
598 2810 713 2875 aliosve
739 2810 919 2876 Ordinarios
941 2811 1087 2888 locorum,
1111 2811 1272 2876 Praelatos
1294 2810 1358 2879 sius
1420 2879 1424 2886 f

107 2913 294 2978 ordinariam
316 2913 450 2980 localem
469 2914 721 2998 jurisdictionem
743 2915 776 2979 in
798 2914 923 2980 defectu
944 2915 1164 2998 Episcopomm
1198 2915 1230 2979 st
1259 2915 1356 2980 Prae·

106 3016 243 3081 latorum
265 3015 443 3099 hujusmodi
465 3018 607 3103 legitime
627 3019 814 3096 exercentes,
840 3017 975 3103 gratiam
996 3019 1029 3084 et
1045 3017 1290 3085 communionem
1303 3017 1359 3085 Se·

108 3120 156 3185 dis
179 3120 375 3204 apostolicae
398 3120 558 3201 habentes,
581 3141 635 3206 per
657 3140 768 3188 nomen
790 3122 916 3187 Domini
936 3120 1046 3188 Nostri
1076 3123 1109 3186 et
1130 3123 1268 3188 omnium
1292 3123 1357 3188 Pa·

108 3225 227 3288 storum
245 3223 403 3316 ⁴Principis
422 3224 500 3291 Jesu
524 3225 643 3292 Christi
671 3225 757 3292 enixe
789 3244 933 3311 rogemus
956 3225 988 3290 et
1007 3225 1218 3322 obsecremus,
1240 3225 1355 3306 utpo-

17 3325 25 3342 “
107 3327 187 3412 pulis
210 3326 283 3411 fidei
307 3345 380 3393 suae
403 3328 576 3394 commissis
598 3330 723 3395 tautum
746 3330 861 3396 honum
873 3327 1070 3407 annuncient,
1092 3332 1283 3410 summoque
1291 3326 1359 3390 stu·

107 3429 158 3496 dio
182 3432 290 3516 agant,
312 3431 350 3495 ut
370 3430 478 3496 fideles
501 3450 608 3498 ornnes
627 3452 682 3516 per
703 3432 927 3516 poenitentiam
949 3430 1015 3498 Deo
1046 3429 1238 3496 reconciliati
1261 3429 1356 3495 Juti-

110 3534 172 3601 lael
194 3535 388 3620 gratiamin
409 3535 584 3603 animarum
604 3555 730 3602 suarum
754 3537 875 3602 lucrum
905 3537 1138 3620 utilitatemque
1168 3535 1357 3601 convertant.
1417 3547 1424 3564 ··

110 3638 221 3722 Itaque
245 3638 375 3705 Vestrae
406 3639 560 3722 imprimis
583 3658 674 3705 curae
697 3641 778 3719 erit,
801 3639 1003 3706 venerabiles
1025 3639 1168 3715 Fratres,
1189 3640 1226 3704 ut
1247 3638 1370 3722 imple-s

108 3745 178 3808 rate
199 3741 336 3826 primum
357 3743 663 3827 publicis‘preoibus
679 3744 795 3811 Divina
817 3743 990 3836 Clementia
1020 3743 1059 3809 ad
1081 3743 1140 3808 hoo
1161 3744 1198 3807 ut
1221 3741 1358 3814 omnium
1382 3817 1383 3822 η

110 3848 229 3912 mentes
247 3847 281 3912 et
305 3846 397 3914 corde
420 3847 555 3914 sualuoe
576 3849 608 3914 et
630 3849 735 3932 gratia
756 3848 933 3932 perfundet,
952 3847 1130 3932 opportunis
1147 3845 1360 3911 instructioni-

108 3949 166 4014 bus
204 3951 237 4016 et
265 3950 528 4017 admonitionibus
556 3951 734 4018 Christiana
767 3952 855 4036 plebs
889 3951 933 4017 ad
960 3949 1192 4036 percipiendum
1223 3937 1360 4016 Jubilaei

107 4051 246 4118 fructum
269 4053 435 4139 dirigatur,
460 4057 554 4138 atque
568 4055 923 4140 -acouraeernrelugee,
950 4073 1028 4139 quae
1051 4054 1094 4120 sit
1117 4052 1279 4136 christiani
1296 4051 1358 4119 Ju-

109 4155 204 4222 bilaei
227 4157 270 4222 ad
291 4158 465 4226 animarum
487 4159 659 4226 utilitum
682 4179 718 4226 ac
732 4161 862 4238 ¹lucrum
885 4160 932 4226 uis
955 4161 989 4225 et
1010 4160 1133 4244 natura,
1155 4157 1190 4224 in
1213 4175 1274 4241 quo
1296 4157 1360 4239 spi-

109 4261 217 4327 rituali
239 4262 359 4329 ratione
385 4283 421 4331 ea
453 4265 535 4332 bona
562 4281 616 4347 per
636 4263 754 4332 Christi
779 4264 905 4331 Domini
936 4264 1085 4331 uirtutem
1112 4249 1379 4352 cumulatissime

106 4365 310 4448 complentur,
335 4385 413 4451 quae
437 4368 676 4459 anno-quolibet
712 4369 969 4454 quinquagesimo
1000 4367 1083 4452 apud
1104 4365 1272 4434 Judaicum
1297 4365 1358 4430 Po·

93 4539 99 4546 ,
106 4466 216 4550 pulum
238 4467 287 4533 lex
306 4471 397 4565 uetus
419 4470 532 4538 nuncia
554 4471 732 4538 futuromm
754 4461 927 4538 invexerat:
956 4475 1053 4555 utque
1073 4470 1167 4536 umal
1186 4471 1258 4552 apte
1284 4467 1357 4540 edo,-

107 4571 216 4636 oeatur
237 4571 275 4636 de
298 4570 564 4656 indulgentiamm
585 4577 627 4654 ri,
650 4595 687 4642 ao
715 4577 753 4642 de
775 4577 815 4643 iis
827 4576 980 4655 omnibus,
1004 4594 1084 4660 qaae
1106 4573 1145 4638 ad
1169 4573 1359 4638 fructuosam
1406 4619 1409 4628 .

136 4681 233 4728 Archiv
248 4682 289 4730 fur
303 4682 492 4732 Klrclrenrecht.
508 4685 626 4735 XXXIII.
693 4731 697 4740 ,
1110 4677 1153 4742 24
