3150 4978
194 231 237 306 48
303 257 440 315 Scbmtts.
461 252 528 316 Dua
544 253 771 348 poenitentiale
778 254 956 315 Romanum
967 262 1026 316 cett
1034 255 1434 334 tiatorlecterEircietlcup.

195 447 259 500 son.
311 431 405 498 Pater
435 430 539 496 nostor
569 430 601 496 et
637 429 789 514 capitula:
843 429 958 497 Averto
988 431 1100 498 taciem
1127 432 1218 498 tuum
1252 433 1437 518 apoccatis

195 536 320 603 nostris.
596 530 601 550 '
1122 571 1125 578 ·

304 640 340 706 R.
362 640 393 705 et
415 656 519 707 omnes
541 637 722 722 iniquitates
736 657 777 705 m.
799 636 828 706 d.
874 638 921 704 Ne
943 639 1038 706 intres
1049 639 1081 706 in
1100 640 1253 725 judicium
1265 659 1335 707 cum
1348 660 1438 708 servo

197 763 251 810 suo
275 745 312 810 D.
331 744 367 811 R.
393 763 421 827 q.
443 763 473 810 n.
494 743 719 828 justificabitur
737 741 769 806 in
794 760 819 809 c.

298 848 347 913 Ne
370 847 545 913 memineris
565 846 767 931 iniquitatum
788 846 855 930 ejus
878 847 1084 931 antiquarum.
1129 849 1167 915 R.
1197 847 1258 916 Sed
1281 850 1342 916 cito
1364 865 1438 916 eum

196 952 340 1036 anticipa.
387 951 510 1016 Delicta
532 950 707 1034 juventutis
738 951 770 1016 ot
800 950 974 1034 ignorantie
1003 951 1032 1017 ei
1066 971 1126 1018 non
1148 953 1325 1020 memineris
1358 953 1435 1023 Dne.

197 1059 236 1125 R.
261 1055 434 1122 Secundum
457 1074 578 1141 magna.
624 1055 714 1120 Viam
734 1054 909 1138 iniqnitatis
933 1055 1008 1134 'Due
1032 1075 1138 1122 amove
1171 1057 1209 1122 ab
1240 1077 1285 1126 eo.
1331 1058 1384 1135 R.
1403 1061 1438 1124 et

196 1161 322 1246 delego
344 1162 398 1226 tua
418 1159 563 1224 miserere
585 1158 623 1225 ei.
668 1157 737 1222 Dne
761 1157 870 1225 exaudi
901 1161 978 1226 orat.
1008 1179 1050 1226 m.
1094 1160 1132 1227 R.
1167 1163 1200 1226 et
1232 1161 1348 1228 clamor
1377 1181 1437 1230 ms.

199 1265 247 1332 ad.
293 1266 415 1350 Exurge
438 1264 505 1330 Due
530 1263 643 1347 udjura
666 1281 729 1328 nos.
767 1263 804 1330 n.
830 1265 862 1328 εὴ
884 1263 981 1330 bbere
1002 1281 1055 1330 nos
1078 1266 1437 1349 propternomentunm.

306 1369 359 1436 Or.
382 1368 449 1433 Dno
474 1368 522 1432 ste
543 1368 632 1450 pater
656 1366 848 1450 omnipotens
871 1368 995 1433 aeterno
1016 1369 1073 1447 Ds,
1096 1369 1149 1452 qui
1169 1388 1222 1453 per
1242 1367 1307 1436 Jes.
1337 1369 1439 1435 Xtum

197 1473 239 1539 til.
263 1476 286 1539 t.
310 1474 370 1538 Du.
393 1471 488 1537 nostr.
524 1468 652 1535 vulnera
675 1471 780 1536 nostra
810 1489 917 1536 curare
948 1471 1094 1556 dignatus
1124 1491 1165 1540 es.
1211 1473 1254 1538 'Po
1285 1473 1440 1559 supplices

196 1593 353 1645 exoramus
377 1575 408 1640 ot
430 1573 575 1657 petimus,
598 1573 634 1637 ut
664 1573 805 1656 precibus
838 1574 952 1640 nostris
971 1593 1077 1641 aurem
1111 1577 1165 1641 tue
1198 1576 1325 1660 pietatis
1346 1576 1439 1642 inoli-

196 1699 269 1747 nare
292 1678 436 1766 digneris.
466 1676 622 1742 Remittas
638 1676 666 1740 ei
689 1675 792 1742 omnia
812 1677 941 1743 crimina
974 1679 1006 1744 et
1032 1679 1160 1762 peccata
1192 1679 1334 1745 univorsa
1365 1681 1440 1745 buic

108 1815 112 1831 ι
196 1784 314 1850 famulo
333 1784 388 1847 tuo
410 1781 450 1848 N.
474 1781 627 1864 donesque
650 1780 684 1845 ei
702 1781 770 1846 Dne
793 1799 847 1865 pro
877 1782 1036 1866 suppliciis
1068 1781 1207 1859 veniam,
1236 1801 1291 1866 pro
1319 1802 1440 1850 merore

198 1889 333 1955 letitiam
361 1904 416 1970 pro
438 1887 537 1950 morte
558 1884 673 1963 vitam,
696 1886 732 1950 ut
757 1886 810 1969 qui
839 1886 989 1952 suadente
1015 1886 1136 1952 diabolo
1165 1886 1277 1952 cecidit
1309 1887 1341 1952 in
1373 1889 1441 1952 rui·

196 2011 269 2060 nam
298 1992 330 2055 te
352 1989 516 2054 revocante
538 1987 682 2054 trahatur
717 1987 756 2054 ad
778 1990 1018 2060 misericordiam
1038 1991 1071 2056 et
1102 1990 1141 2054 ad
1168 1992 1293 2056 aeterna
1321 1991 1442 2076 premia

196 2095 353 2180 peruenire
376 2093 541 2158 mereatur.
564 2092 625 2157 Per
649 2143 656 2159 .
680 2143 688 2159 .
714 2145 721 2160 .
746 2144 754 2160 .

306 2199 488 2264 invocamus
511 2197 542 2261 te
564 2196 633 2261 Due
656 2197 703 2261 ste
718 2198 813 2280 pater
826 2196 1018 2279 omnipotens
1040 2197 1164 2262 aeterne
1184 2196 1238 2263 Ds.
1254 2197 1442 2281 superhuno

197 2302 349 2368 famulum
371 2303 459 2366 tuum
481 2300 527 2390 N.
546 2300 600 2382 qui
621 2299 791 2366 lacrimosis
819 2301 989 2384 penitentie
1022 2301 1212 2384 temporibus
1235 2301 1373 2386 exploret
1405 2301 1440 2366 in

194 2407 327 2492 lugubre
348 2425 402 2489 per
425 2403 621 2487 exomologiis
639 2403 671 2468 in
683 2403 937 2471 lamentationem
958 2404 1090 2471 detorsit
1105 2404 1253 2471 hodierna
1274 2405 1325 2470 die
1343 2405 1440 2472 altari
1535 2424 1537 2428 ’

196 2514 249 2577 tuo
272 2513 320 2576 sto
332 2509 528 2576 reconciliare
551 2507 699 2594 dignatus
714 2527 747 2574 es
769 2510 802 2574 et
823 2510 859 2574 tu
879 2510 946 2575 Dne
979 2509 1111 2575 inlesum
1145 2529 1216 2574 eum
1235 2510 1377 2592 deinceps
1390 2507 1441 2574 in·

196 2614 390 2700 dulgentiam
418 2611 554 2696 optinere
577 2611 752 2695 permittas,
769 2631 823 2695 per
846 2612 963 2678 scribas
991 2631 1101 2678 nomen
1131 2611 1197 2696 ejus
1224 2613 1256 2677 in
1283 2611 1362 2677 libro
1390 2611 1441 2677 ri-

196 2719 342 2799 ventium,
369 2715 655 2792 communicationis
685 2716 755 2800 jure
791 2735 967 2782 concessum
1004 2716 1099 2782 otiam
1134 2716 1279 2800 spiritum
1313 2716 1386 2796 stru,
1402 2713 1439 2781 in

170 2843 267 2904 ¹eum
288 2822 389 2888 redire
410 2821 583 2904 permittas,
607 2819 693 2885 nulla
717 2822 824 2886 contra
847 2839 916 2886 eum
939 2819 1082 2908 inimicus
1104 2819 1220 2885 babeat
1249 2819 1439 2903 potestatem

196 2929 227 2993 et
252 2927 386 2992 filiorum
409 2926 531 2990 tuorum
567 2943 694 3006 numero
727 2924 907 2998 restitutum
930 2923 962 2988 in
993 2924 1174 3007 perpetuum
1207 2923 1302 2988 otiam
1334 2921 1440 2988 ecclic.

196 3033 249 3096 tue
272 3030 390 3116 gremio
414 3028 598 3113 perfruatur.
623 3029 737 3094 Per..
764 3078 797 3094 ..

360 3132 434 3198 Alia
459 3134 586 3199 orato·

304 3237 446 3304 Salvator
467 3235 701 3320 redemptorque
723 3234 837 3315 noster,
858 3234 910 3318 qui
933 3252 992 3299 non
1021 3233 1121 3299 solum
1143 3227 1361 3316 penitentibus,
1382 3229 1438 3294 sed

197 3343 242 3408 eis
266 3342 318 3426 qui
338 3341 468 3407 necdum
489 3339 528 3405 ad
552 3342 583 3406 te
608 3341 712 3406 venire
736 3339 874 3423 cupiunt,
897 3339 1017 3404 veniam
1045 3337 1204 3403 ultroneus
1231 3353 1267 3400 ao
1288 3333 1442 3418 propitius

196 3445 359 3512 miserator
382 3445 536 3530 indulges,
561 3445 605 3510 Te
628 3443 837 3528 supplicamns
860 3444 896 3509 ut
918 3442 991 3507 huic
1013 3442 1121 3508 famul.
1140 3443 1195 3506 tuo
1216 3439 1257 3506 N.
1285 3457 1376 3521 quem
1399 3437 1441 3502 ad

197 3551 331 3634 corporis
354 3550 386 3615 εὴ
409 3548 569 3634 sauguinis
602 3548 650 3615 tui
669 3545 913 3615 communionem
948 3546 1098 3614 revocasti
1126 3543 1247 3610 indulta
1280 3539 1369 3617 venia
1400 3540 1441 3608 ad

199 3653 343 3721 celestem
361 3651 605 3719 benedictionem
628 3651 790 3736 perducas.
813 3639 873 3717 Per
896 3702 904 3718 .
926 3703 934 3719 .
959 3703 966 3720 .
992 3701 1000 3720 .

354 3757 427 3823 Alia
447 3777 492 3824 or.

300 3861 472 3930 Benedicat
491 3863 523 3928 te
544 3861 599 3928 Da.
622 3877 719 3944 omps.
734 3859 772 3925 ’εὴ
794 3858 950 3926 custodiat
980 3859 1023 3940 te,
1054 3855 1199 3924 ostendat
1216 3854 1304 3920 Dnus
1329 3851 1442 3918 faciem

196 3986 284 4033 suum
308 3967 347 4032 ad
369 3967 402 4032 te
425 3967 457 4031 et
480 3964 662 4032 misereatur
685 3963 743 4044 tui,
767 3965 926 4030 convertat
948 3963 1036 4028 Dnus
1070 3961 1191 4029 vultum
1214 3975 1310 4023 snum
1344 3956 1383 4021 ad
1408 3958 1441 4022 te

195 4073 228 4138 et
250 4071 432 4136 misereatur
453 4069 500 4134 tui
521 4068 681 4135 convertat
702 4068 789 4134 Dnus
822 4068 944 4133 vultum
968 4085 1058 4132 suum
1091 4065 1130 4130 ad
1164 4065 1197 4129 te
1232 4062 1264 4128 et
1293 4061 1347 4126 det
1378 4060 1440 4125 tibi

195 4193 311 4259 pacem,
334 4173 386 4256 qui
411 4172 488 4238 vivit
509 4174 542 4237 et
552 4174 664 4259 regnat
681 4173 713 4237 in
738 4172 860 4237 saecula
875 4171 1075 4238 saeculorum.
1096 4173 1208 4238 Amen.
1253 4164 1437 4231 Benedictio

194 4279 254 4345 Dei
275 4277 375 4362 patris
399 4279 431 4342 εὴ
452 4277 511 4343 filii
534 4280 566 4343 et
589 4277 717 4360 spiritua
737 4277 779 4342 sti
802 4273 971 4342 descendat
993 4291 1085 4358 super
1106 4274 1150 4340 te.
1196 4271 1305 4338 nmen.
1352 4257 1355 4264 “

300 4381 397 4448 Missa
419 4381 451 4448 in
475 4381 665 4468 depositione
687 4380 827 4448 defuncti
850 4385 907 4447 etc.

661 4571 970 4584 -ῌ
