3150 4978
204 253 259 335 44.
314 271 453 328 Schmita.
471 267 1443 356 DeePoecilentialcliomaneeucmc‘ttiatoriecterlic'relec'toap.
1563 281 1564 328 l

580 442 626 506 ne
646 441 817 506 ministerio
839 439 892 508 su
915 439 1061 506 nervosa.
1171 418 1176 431 “

525 545 632 632 (Mers.
658 564 685 611 c.
711 545 760 610 39.
779 545 865 614 Rom.
888 563 914 610 c.
934 545 1003 610 VII.
1028 545 1056 628 ὅ.
1081 544 1125 631 9.)
1182 579 1187 584 ,

309 652 451 719 cxviii.
473 650 507 717 Si
530 651 598 736 quis
620 651 737 735 aliquid
755 649 791 716 de
811 649 983 726 ministerio
1001 650 1105 715 sancte
1126 647 1252 715 ecclesie
1272 649 1319 714 vel
1342 649 1449 732 quale·

206 777 324 841 cunque
359 776 434 840 opus
465 757 604 840 quolibet
630 755 720 820 modo
753 753 951 833 fraudaverit,
980 754 1079 820 idest
1102 751 1271 838 neglexerit
1297 752 1353 816 VH
1378 771 1448 819 ann.

208 861 345 946 peniteat
364 861 412 926 Ill
434 860 466 928 in
486 879 564 944 pane
585 851 621 924 et'
636 878 716 943 aqua
739 860 771 924 et
794 858 838 924 sic
859 858 1083 926 reconcilietur.

699 963 805 1049 (Mers.
829 982 855 1030 c.
879 963 943 1047 17.)

311 1066 611 1152 criminique
639 1067 858 1134 eucharistiam
888 1067 922 1132 id
958 1069 1006 1134 est
1033 1064 1279 1132 communionem
1314 1064 1451 1147 corporis

207 1172 269 1236 Dni
293 1172 463 1256 neglexerit
491 1174 547 1238 aut
572 1173 678 1238 exinde
702 1171 870 1256 perdiderit
903 1191 1017 1236 annum
1052 1171 1208 1254 integrum
1244 1169 1383 1252 peniteat
1417 1168 1452 1232 in

206 1295 284 1358 pauc
319 1278 350 1341 et
382 1296 471 1360 aqua.
528 1276 560 1342 Si
580 1297 645 1360 ‚per
675 1277 858 1342 ebrietatem
888 1277 945 1341 aut
978 1274 1180 1340 voracitatem
1211 1273 1290 1339 illud
1319 1273 1452 1339 vomerit

209 1378 265 1446 ΠΙ.
287 1379 392 1446 Xme
414 1382 563 1464 peniteat,
586 1381 613 1446 si
635 1401 689 1464 per
709 1379 924 1445 infirmitatem
942 1379 1003 1445 VH
1022 1378 1088 1444 dies
1110 1378 1258 1462 peniteat.

498 1559 500 1564 Α
696 1483 802 1568 (Mers.
820 1503 856 1548 c.·
869 1484 955 1564 114.)

311 1585 405 1666 CXX.
428 1589 461 1656 si
480 1589 549 1674 quis
565 1589 732 1656 manducat
746 1591 777 1655 et
789 1590 895 1673 postea
919 1590 1135 1669 communicat,
1148 1589 1209 1654 Vll
1224 1587 1289 1654 dies
1301 1586 1453 1671 peniteat.

508 1692 614 1778 (Mers.
642 1713 667 1760 c.
690 1695 740 1760 78.
764 1695 922 1761 Ps.·Rom.
947 1713 973 1760 c.
994 1693 1031 1760 l'.
1056 1693 1084 1778 §-
1105 1695 1148 1778 Ι.)

311 1795 419 1861 cxxi.
452 1796 485 1863 Si
514 1799 662 1882 quianon
697 1797 881 1865 custodierit
907 1798 1092 1864 sacrificium
1122 1800 1154 1864 et
1183 1817 1252 1864 mus
1282 1796 1455 1862 comederit

207 1897 296 1978 illud,
317 1900 371 1964 XL
394 1900 459 1966 dies
486 1903 634 1986 peniteat.
679 1902 739 1984 Qui
772 1904 877 1970 autem
905 1903 1073 1987 perdiderit
1103 1906 1135 1970 et
1157 1901 1303 1969 ceciderit
1336 1904 1367 1967 et
1391 1919 1455 1966 non

208 2003 303 2070 luerit
325 2005 495 2088 inventum,
517 2007 572 2070 XL
592 2006 656 2072 dies
675 2008 823 2091 peniteat.
1189 2045 1194 2057 ·

509 2109 615 2179 (Mers.
637 2129 663 2176 c.
684 2111 735 2176 79.
756 2111 913 2178 Ps.-Rom.
933 2130 959 2176 c.
984 2111 1021 2178 X.
1048 2111 1076 2195 ᾗ.
1098 2103 1142 2190 2.)
1183 2139 1185 2146 s

318 2209 446 2279 CXXII.
471 2211 503 2276 Si
523 2213 592 2295 quis
611 2213 748 2297 perfudit
771 2215 887 2298 aliquid
912 2215 949 2280 de
979 2214 1073 2280 calice
1094 2233 1184 2298 snper
1204 2212 1312 2291 altare,
1331 2212 1456 2296 quaudo

210 2317 349 2380 aufertur
376 2316 505 2382 linteum
533 2317 590 2382 VII
611 2317 676 2383 dies
695 2320 836 2402 peniteat
865 2319 969 2403 etqui
1000 2319 1115 2396 infudit
1139 2318 1267 2385 calicem
1301 2317 1333 2382 in
1359 2317 1454 2384 finem

209 2418 431 2486 sollemnitatis
454 2422 556 2501 misse,
582 2423 636 2487 XL
658 2423 722 2490 dies
739 2425 888 2508 peniteat.

705 2528 810 2612 (Mers.
832 2548 857 2618 c.
883 2529 949 2616 81.)
974 2573 978 2578 -

319 2632 458 2699 cxxiii.
487 2631 520 2698 Si
545 2651 614 2698 curn
635 2633 798 2699 amissione
829 2635 946 2718 saporis
968 2633 1169 2714 decoloratur,
1188 2631 1372 2697 sacrificium
1391 2630 1455 2696 XX

210 2739 335 2818 dicbus;
355 2737 603 2822 conglutinatum
628 2757 698 2802 vero
719 2737 781 2802 VII
805 2739 870 2804 dies
889 2739 1027 2822 peniteat
1049 2739 1080 2804 et
1108 2739 1160 2821 qni
1179 2736 1324 2802 merserit
1351 2734 1450 2799 sacri·

211 2843 316 2908 ficium
333 2843 476 2908 continno
495 2840 584 2906 bibat
604 2860 726 2925 aquam,
747 2861 806 2926 que
829 2842 861 2906 in
881 2842 1049 2908 chrismate
1068 2841 1161 2906 fuerit
1182 2839 1452 2924 sumatquesacri·
1563 2845 1564 2918 l

212 2949 316 3014 ficium
336 2949 367 3014 et
391 2945 445 3029 pio
466 2945 556 3029 culpa
580 2947 685 3036 cantet
703 2945 734 3011 X
752 2966 797 3030 ps.

1174 3031 1176 3046 t

512 3051 618 3134 (Mers.
640 3070 666 3119 c.
689 3053 740 3118 80.
766 3051 923 3119 Ps.-Rom.
949 3070 974 3119 c.
997 3051 1036 3116 X.
1060 3051 1088 3133 ξ.
1114 3049 1159 3134 7.)

322 3155 483 3223 CXXIIII.
503 3155 616 3239 Siquis
629 3155 853 3239 negligentiam
868 3175 941 3240 orgo
957 3153 1143 3220 sacrificium
1164 3151 1272 3218 lecerit
1290 3152 1321 3216 et
1336 3150 1455 3216 siccans

213 3273 331 3328 vermes
363 3260 544 3326 consumant
575 3259 615 3324 ad
637 3259 768 3357 nilrilnm
791 3259 935 3325 deveniat
953 3259 1012 3324 III.
1037 3257 1141 3322 XLme
1160 3256 1299 3340 peniteat
1320 3255 1353 3320 in
1375 3273 1455 3338 pane

214 3367 246 3430 et
271 3384 351 3448 aqua
384 3366 416 3430 et
448 3365 474 3429 si
509 3364 620 3430 vermis
651 3363 683 3428 in
718 3383 753 3429 eo
783 3363 926 3430 inventus
954 3364 1059 3442 fuerit,
1090 3362 1290 3428 comburatur
1318 3361 1350 3426 et
1376 3357 1455 3425 cinis
1563 3413 1564 3462 ,

214 3471 279 3555 ejus
302 3469 357 3534 snb
380 3469 479 3535 altare
504 3467 718 3534 abscondatur.

535 3572 641 3656 (Mers.
666 3592 691 3639 c.
713 3573 766 3637 82.
811 3571 899 3638 Rom.
925 3591 950 3640 c.
974 3572 1013 3639 X.
1037 3572 1065 3656 §-
1087 3572 1131 3654 8.)
1151 3603 1153 3610 1

320 3677 443 3744 CXXV.
467 3675 501 3742 Si
525 3676 670 3766 ceciderit
690 3675 877 3742 sacrificinm
901 3676 939 3742 de
963 3695 1059 3742 manu
1082 3674 1239 3742 offerentis
1263 3673 1295 3736 in
1317 3673 1402 3738 terra
1422 3673 1456 3738 et
1563 3707 1564 3774 p

217 3802 275 3849 non
307 3783 400 3848 fuerit
431 3781 601 3876 inventum,
624 3780 825 3865 quodcunque
852 3781 883 3846 in
908 3780 973 3847 loco
993 3781 1153 3846 inventum
1174 3777 1286 3856 luerit,
1307 3776 1360 3841 ubi
1373 3775 1455 3841 ceci·

217 3887 307 3966 derit,
332 3886 529 3952 comburatur
549 3886 581 3951 et
602 3885 678 3951 cinis
706 3877 928 3964 abscondatur,
961 3884 1102 3950 sacerdos
1126 3902 1198 3949 vero
1222 3881 1358 3946 medium
1382 3897 1454 3947 ann.

215 3991 362 4075 peniteat.
407 3990 440 4056 Si
468 4009 537 4056 vero
568 3989 729 4055 inventum
756 3989 852 4056 fuerit
871 3988 1080 4067 sacrificium,
1109 3987 1196 4054 locus
1223 3985 1388 4051 mundetur
1422 3985 1456 4048 et

217 4115 310 4180 supra
331 4095 464 4180 ignetur,
485 4095 624 4161 sacerdos
645 4094 706 4160 XX
726 4093 791 4160 dics
811 4094 959 4178 peniteat.

539 4199 644 4284 (Mers.
667 4218 692 4266 c.
714 4201 766 4266 83.
812 4200 899 4266 Rom.
925 4218 950 4264 c.
973 4197 1012 4263 X.
1037 4197 1065 4282 ἕ.
1087 4196 1132 4279 9.)

322 4305 462 4371 CXXVI.
484 4303 517 4370 Si
537 4304 695 4389 quievero
726 4304 763 4368 de
791 4303 887 4370 calice
914 4323 969 4386 per
992 4298 1216 4386 negligentiam
1237 4293 1403 4362 stillaverit
1422 4293 1454 4358 in
1563 4315 1564 4356 ς

219 4409 395 4494 te1·ra,igpe
410 4411 590 4475 sumaturet
604 4409 629 4475 L
642 4408 866 4492 dicspcniteat3
882 4407 909 4472 si
920 4425 1011 4490 super
1022 4405 1121 4470 altare
1137 4400 1303 4466 stillaverit
1318 4397 1455 4476 calicem,

219 4513 339 4586 servent
359 4513 500 4580 minister
518 4513 633 4581 stillam
655 4515 686 4579 et
705 4513 882 4590 linteamen,
909 4529 999 4593 quem
1019 4505 1160 4592 tetigerit
1171 4504 1267 4580 stilla,
1288 4501 1388 4567 tribus
1408 4500 1456 4565 vi·
1563 4571 1564 4596 ,
