3150 4978
178 246 221 312 34
284 263 425 320 Schmo‘tz.
446 262 511 321 Dos
526 261 938 323 Pocoiteratioleliomamao
949 265 1414 345 mtthtstorc‘scherlltolettrooy.

538 437 643 520 (Mers.
667 457 694 505 o.
717 440 768 506 33.
791 439 880 506 Rom.
904 439 972 507 Vll.
997 441 1040 526 2.)

286 539 450 606 XXVHII.
474 539 504 606 Si
528 559 589 624 qua
610 541 721 634 mulier
743 543 886 610 aborsum
909 543 1018 610 lecerit
1045 545 1226 626 voluntarie,
1256 546 1320 611 IIII
1343 566 1414 614 ann.

179 643 318 744 peniteat
337 645 379 710 in.
403 664 472 730 pan.
496 646 528 711 et
551 665 640 730 aqua.

514 767 671 850 (Marso.
698 769 768 835 156.
793 767 920 853 Gregor.
944 788 970 836 e.
996 770 1082 856 107.)

280 870 379 938 XXX.
402 869 436 939 Si
458 871 505 938 vir
527 873 665 956 nupserit
680 892 750 941 oum
770 873 966 940 mulierosus
985 876 1079 952 retro,
1102 874 1156 940 XL
1179 875 1245 942 dies
1267 877 1416 960 peniteat,

178 975 311 1058 primurn
333 977 388 1045 aut
410 976 437 1041 si
459 975 490 1041 in
514 977 603 1061 terga
625 978 723 1060 nupta
744 977 861 1056 recent,
882 978 927 1044 sic
949 979 1087 1062 peniteat
1108 979 1259 1062 quomodo
1281 966 1318 1046 de
1347 981 1417 1046 anis

179 1067 321 1145 malibus.
343 1080 498 1165 -terga
519 1080 551 1146 id
574 1082 623 1146 est
644 1080 822 1163 posteriora.

357 1200 463 1284 (Mers.
487 1219 512 1266 c.
536 1201 587 1266 89.
609 1201 700 1284 Itosp.
725 1200 851 1284 Gregor.
876 1200 899 1267 Ι.
923 1201 961 1266 ad
979 1203 1059 1286 Aug.
1084 1203 1230 1288 excerpt.)

243 1305 246 1313 '
281 1303 396 1372 XXXI.
419 1304 452 1370 Si
473 1305 668 1389 qua-mulier
700 1305 775 1372 dum
799 1307 957 1371 menstrua
978 1307 1107 1389 patitur,
1128 1306 1283 1390 prohiberi
1306 1309 1345 1373 ab
1366 1328 1417 1374 ac-

179 1408 273 1474 olesia
295 1428 355 1474 non
384 1409 496 1488 debet,
521 1410 594 1493 quia
616 1411 725 1475 nature
747 1409 942 1493 superfluitas
964 1411 995 1474 in
1020 1411 1109 1494 culpa
1131 1430 1192 1476 non
1211 1413 1417 1494 reputabitur.

178 1511 433 1578 Sacramentum
463 1513 706 1579 communionem
734 1513 766 1578 in
789 1512 908 1578 hisdem
932 1514 1039 1579 diebus
1061 1516 1215 1598 percipere
1239 1535 1298 1580 non
1314 1517 1415 1586 debet.

106 1653 109 1662 ν
178 1615 211 1682 Si
234 1618 337 1683 autem
360 1633 395 1683 er
418 1619 612 1683 ueneratione
642 1635 757 1701 magna
779 1617 934 1700 percipere
968 1637 1028 1683 non
1050 1619 1228 1701 praesumit,
1262 1619 1417 1686 laudanda

181 1720 241 1798 est,
264 1722 297 1786 et
319 1721 345 1785 si
367 1721 532 1804 perciperit
553 1739 614 1786 non
636 1723 685 1786 est
701 1720 879 1805 judicanda.
924 1726 927 1734 ’
1275 1705 1277 1714 .

508 1857 615 1942 (Mers.
640 1877 665 1926 o.
692 1859 763 1924 134.
788 1857 916 1942 (tragon.
940 1878 966 1925 c.
987 1861 1071 1941 127.)
1246 1938 1247 1947 ἵ

283 1959 422 2038 XXXII.¹
440 1959 472 2027 Si
495 1963 564 2045 quis
587 1949 694 2028 coierit
718 1973 787 2028 oum
811 1982 902 2042 urore
924 1982 979 2028 sua
998 1966 1068 2046 post
1096 1951 1220 2048 parturn¹
1255 1967 1326 2030 ante
1359 1965 1414 2028 XL

178 2063 253 2145 dies,
272 2065 332 2130 XX
350 2054 415 2131 dies
437 2066 582 2150 peniteat.
836 2123 856 2144 .,
986 2069 988 2074 ’

500 2188 608 2271 (Mera.
634 2207 659 2253 e.
682 2189 744 2267 90,
769 2186 860 2274 Greg.
884 2207 910 2256 o.
931 2191 982 2261 70.
1002 2190 1029 2274 5.
1054 2190 1096 2274 2.)
1140 2283 1143 2289 Δ

280 2308 430 2376 XXXIII.
453 2309 486 2374 Si
507 2309 575 2394 quis
596 2312 667 2393 post
688 2310 863 2376 illusionem
887 2311 1067 2377 nocturnam
1096 2330 1203 2395 eorpus
1223 2311 1283 2376 Dni
1311 2312 1416 2378 valeat

178 2411 316 2496 accipere
337 2414 387 2478 vel
408 2415 549 2478 sacerdos
569 2432 656 2480 sacra
676 2415 825 2500 mysterIa
848 2415 1020 2494 celebrare;
1042 2415 1103 2480 ista
1126 2414 1228 2479 illusio
1252 2416 1416 2498 aliqnando

178 2537 214 2602 er
238 2517 362 2601 crapula
386 2519 441 2585 aut
463 2537 499 2582 ex
523 2519 633 2584 nature
651 2518 873 2602 superfluItate,
904 2519 1068 2602 aliquando
1098 2537 1133 2584 er
1156 2519 1338 2607 necessitate
1367 2519 1415 2586 uel

177 2621 360 2711 infirmitate
383 2621 511 2700 uenerit,
534 2620 592 2687 heo
613 2622 704 2687 ilusio
727 2625 854 2688 nonest
877 2623 1023 2704 timenda,
1044 2642 1102 2706 que
1129 2642 1184 2706 per
1203 2621 1414 2690 infirmitatem

102 2788 104 2794 .
178 2725 387 2810 contingitur;
412 2745 502 2810 quem
523 2745 592 2791 vero
614 2727 833 2794 ultramodum
854 2747 908 2812 per
927 2728 1098 2812 appetitum
1120 2727 1192 2811 gule
1214 2727 1343 2811 rapitur,
1366 2729 1415 2794 at-

177 2848 236 2916 que
259 2829 371 2895 idcirco
405 2829 569 2895 humorum
606 2832 799 2916 receptacula
822 2821 1007 2916 gravantur,
1031 2831 1127 2896 habet
1158 2831 1264 2920 exinde
1294 2829 1415 2896 animus

178 2934 313 3017 ahqucm
334 2934 454 2998 reatum
479 2935 633 3013 tamena
662 2935 854 3018 perceptione
887 2933 966 2999 sacri
1000 2933 1139 3019 mysterii
1170 2934 1219 2998 vel
1251 2915 1418 2998 missarum

161 3037 338 3107 'sollemnia
351 3036 525 3101 celebrandi
544 3037 699 3119 prohiberi
728 3057 788 3103 non
811 3038 957 3102 debet-et
986 3057 1054 3102 cum
1077 3037 1209 3102 tortasse
1240 3038 1295 3102 aut
1318 3037 1415 3103 festus

177 3136 242 3206 dies
265 3141 368 3226 erigit,
394 3142 448 3204 aut
482 3139 622 3206 sacerdos
640 3142 735 3222 deest,
766 3142 833 3225 ipsa
867 3142 1033 3208 necessitas
1070 3141 1237 3225 compellit.
1282 3141 1364 3208 l-Vam
1387 3143 1413 3206 si

173 3246 215 3311 ad
239 3246 313 3311 sunt
336 3244 442 3328 aliqui,
466 3246 519 3329 qui
539 3247 719 3330 mysterium
743 3245 871 3330 implere
891 3245 1024 3323 valeant,
1039 3245 1076 3310 ab
1099 3245 1312 3312 immolatione
1335 3245 1414 3311 sacri

174 3349 317 3434 mysterii
340 3348 504 3430 abstinere,
530 3351 566 3414 ut
586 3349 727 3429 arbitror,
748 3349 911 3416 humiliter
936 3349 1037 3416 debet.

581 3489 687 3574 (Mers.
708 3509 734 3555 c.
757 3491 808 3557 59.
833 3492 891 3575 (ps.
915 3491 998 3571 XX.)

197 3608 200 3617 ·
274 3586 443 3661 XXXIIII.
473 3593 506 3660 Si
529 3594 597 3676 quis
619 3593 650 3658 in
673 3593 787 3661 somnis
819 3594 978 3660 voluntate
1008 3593 1145 3676 pollutus
1168 3593 1226 3672 est,
1250 3589 1359 3674 surgat
1380 3592 1414 3656 et

175 3700 282 3764 cantet
304 3718 349 3782 ps.
374 3699 462 3775 VIII,
485 3699 518 3762 in
541 3681 685 3762 crastino
698 3715 767 3763 cum
791 3680 868 3784 pane
889 3698 984 3778 vivat,
1009 3697 1069 3770 ant
1086 3697 1192 3762 cantet
1213 3713 1323 3780 genua
1336 3693 1411 3756 fiee-

171 3802 266 3867 tendo
288 3823 333 3886 ps.
358 3799 449 3867 XXX
471 3803 504 3866 et
532 3801 559 3864 si
588 3800 724 3883 pollutus
746 3801 793 3866 est
822 3796 888 3866 sine
918 3801 1087 3876 voluntate,
1115 3800 1220 3864 cantet
1242 3818 1287 3882 ps.
1311 3797 1411 3863 XXV.

171 3905 278 3987 (Mers.
302 3925 327 3973 o.
346 3908 431 3992 142.)
456 3905 515 3988 Qui
536 3905 805 3971 semendormiens
827 3907 859 3971 in
882 3903 1167 3982 ecolesialunderit,
1190 3901 1251 3988 (III
1275 3901 1353 3984 dies)
1363 3901 1412 3983 je·

170 4007 270 4090 junet,
294 4027 423 4091 peccans
445 4027 506 4074 non
528 4008 666 4092 pollutus
688 4028 734 4094 ps.
755 4009 892 4089 XXIIII.

315 4213 317 4218 ι
525 4130 631 4214 (Mers.
655 4149 680 4196 o.
703 4131 755 4198 96.
800 4129 1054 4214 Greg.c.10'7.)
1189 4122 1192 4128 ’

278 4232 407 4301 XXXV.
430 4232 463 4298 Si
487 4234 647 4317 quiscum
677 4235 806 4300 muliere
836 4253 892 4302 sua
914 4234 1109 4302 menstruum
1139 4233 1261 4315 tempus
1285 4229 1408 4312 coierat,

151 4335 226 4403 XL
248 4335 314 4401 dies
336 4337 474 4419 peniteat
497 4337 647 4402 Similiter
668 4338 781 4405 mulier
802 4337 951 4421 peniteat,
975 4337 1002 4401 si
1025 4337 1125 4403 coitus
1147 4335 1252 4401 scitur.

277 4559 423 4630 XXXVI.
446 4561 479 4628 Si
508 4562 577 4646 quis
590 4570 594 4576 '
609 4457 818 4648 virorslffissirgencs·
842 4459 988 4630 1511111111(
1003 4549 1133 4666 ¹inscius
1166 4558 1297 4644 alicujus
1322 4557 1408 4661 mali,
