3178 4962
177 220 241 285 264
281 237 450 308 Spmcrslry.
488 238 671 306 Necessitas,
699 240 1282 311 661666696616669666666616616666166.

160 416 164 430 ⁴
210 455 214 467 ·
284 411 400 476 Narrat
420 411 597 489 Caesarine,
622 390 723 493 ipsum
754 411 960 478 Romanorum
985 413 1101 496 Regem
1129 412 1325 497 aproposito
1343 414 1424 478 resi-

179 512 262 578 liisse
278 515 434 580 ambiendi
455 513 747 597 archiepiscopatus
768 515 966 594 Coloniensis,
989 516 1042 580 uhi
1060 516 1194 614 primum
1219 518 1257 582 ab
1270 518 1424 583 Electori-

66 631 70 636 ·
176 618 234 681 hus
252 618 363 684 certior
387 608 497 698 lactus,
519 619 705 702 Episcopum
738 618 1013 707 0666666666666,
1049 621 1098 684 661
1133 641 1202 686 earn
1229 621 1421 706 dignitatem

177 723 307 788 conferri
327 723 533 808 percupiebat,
559 724 625 808 ejus
647 724 782 808 regionis
801 702 932 807 linquae
953 724 1135 808 imperitum
1156 744 1233 791 6666.

281 827 381 906 „Cum
401 827 440 892 ab
461 827 539 892 elect
526 827 645 891 toribus
669 827 911 910 responderetur,
937 829 1018 912 quod
1042 829 1157 894 idioma
1192 831 1292 894 terrae
1330 829 1423 912 igno·

177 933 270 1042 reret,
292 931 408 1012 6666661
410 931 495 1016 61).“

281 1051 477 1120 Gnimnndus
494 1052 643 1118 scientiae
663 1053 696 1117 et
715 1054 892 1118 sanctitatis
920 1054 1003 1119 fama
1026 1055 1244 1119 celeberrimus
1264 1055 1336 1133 ille,
1369 1035 1424 1138 qni

177 1159 332 1224 calamum
352 1157 477 1222 strinxit
496 1157 643 1222 adversus
665 1158 906 1244 Berengarium,
928 1158 1124 1242 Episcopales
1147 1159 1279 1242 Angliac
1301 1158 1423 1223 Insulas

57 1277 59 1282 ’
177 1262 371 1328 aGuilelmo
393 1261 497 1326 Notho
520 1262 604 1344 Rege
625 1261 746 1326 oblatas
779 1251 1043 1328 constantissime
1059 1263 1238 1337 recusavit,
1273 1261 1354 1344 qnod
1388 1262 1423 1325 in

177 1367 243 1448 ojus
263 1365 365 1451 gentis
389 1366 525 1430 moribus
545 1367 576 1430 ot
593 1365 709 1450 lingua·
730 1366 840 1448 hospes
872 1366 994 1431 omnino
1027 1368 1124 1431 esset:
1171 1365 1345 1447 „Quoniam
1371 1385 1424 1430 ex·

177 1473 300 1536 truncos
321 1489 431 1548 morea,
453 1469 676 1552 barbaramque
696 1469 882 1535 locutionem
904 1470 1075 1560 nesci02).“

280 1591 321 1655 Et
345 1591 475 1656 caeteris
495 1590 723 1674 praetermissis
744 1591 900 1674 exemplis,
923 1591 1017 1656 Euloo
1039 1589 1221 1656 1666666616
1236 1589 1419 1674 Archiepis-

180 1714 273 1778 oopus
295 1696 473 1760 Eormosum
491 1697 608 1778 Papam
630 1697 847 1776 percunctatus
868 1696 925 1776 est,
949 1715 986 1760 an
1003 1695 1208 1760 Herilandnm
1230 1693 1416 1777 Episcopum

180 1801 404 1865 Eervanensem
425 1803 527 1883 posset
559 1800 597 1864 ad
630 1795 724 1864 aliam
744 1801 906 1864 vacantem
928 1799 1099 1865 Ecclesiam
1131 1797 1298 1863 transferre
1323 1797 1419 1881 ,nun

181 1901 319 1969 homines
342 1905 500 1988 praefatae
523 1904 697 1968 Eravcnsis
723 1904 893 1968 Perochiae
926 1903 1105 1968 barbaricae
1139 1902 1324 1966 videbantur
1352 1891 1419 1966 esse

181 2003 316 2072 feritatis
337 2009 369 2071 et
392 1997 500 2072 alium*
517 2008 550 2071 in
583 2011 753 2073 memorata
784 2007 923 2072 Ecclesia
945 2009 1132 2097 subrogare,
1162 2007 1235 2089 „qui
1267 2002 1423 2088 acheptior

182 2115 305 2195 propter
328 2112 527 2179 Parentelam
548 2114 579 2176 et
600 2111 740 2195 lingnam
757 2113 789 2176 in
810 2112 916 2177 eodem
937 2113 1003 2178 loco
1025 2115 1129 2195 posset
1149 2111 1278 2180 66166666
1288 2110 1354 2194 3).“Ἰ

286 2225 432 2317 Antiqu'is
452 2234 644 2309 moderniora
667 2235 816 2300 accedunt
841 2225 1010 2319 exempla*
1035 2236 1121 2299 16666
1144 2253 1261 2310 666666,
1283 2232 1320 2297 ob
1342 2250 1419 2315 quas

175 2334 380 2420 supplicante
402 2338 545 2421 Philippo
571 2339 612 2404 ll.
636 2338 858 2421 Hispaniarum
891 2339 975 2421 Regu
1011 2339 1127 2403 Paulus
1149 2339 1203 2404 IV.
1236 2335 1360 2401 deuenit
1382 2335 1448 2403 ad.

175 2461 330 2513 ⁴novorum
351 2442 535 2528 erectionem
558 2442 789 2508 Gathedralium
817 2445 849 2508 in
872 2442 993 2527 Belgio,
1018 2463 1053 2508 ea
1070 2461 1188 2526 qnoque
1218 2441 1399 2506 recensetur
1414 2425 1426 2502 ι’

185 2545 292 2627 „Quod
318 2545 536 2628 Episcoporur‘n
557 2547 706 2612 hactenus
727 2547 938 2620 ,661666661666
961 2547 1142 2612 Dioecesoni
1175 2547 1303 2630 linguae
1338 2543 1428 2609 idio·v
1507 2575 1515 2584 ·

187 2637 267 2714 mate
290 2650 503 2734 institutisque
524 2651 698 2728 differrent,
727 2653 819 2735 atque
848 2652 893 2716 ita
913 2651 986 2715 fidoi
1006 2649 1146 2714 doctrina
1172 2651 1204 2717 66
1223 2649 1273 2732 pie
1299 2647 1420 2714 vivendi

184 2753 353 2838 praeceptis
373 2755 530 2820 commode
554 2757 667 2821 instrui
693 2757 820 2821 minime
844 2758 1006 2839 poterant‘
1029 2758 1064 2820 ut
1085 2775 1120 2819 66
1141 2755 1226 2820 Actis
1260 2754 1421 2820 Consiste-

184 2857 323 2937 rialibus,
345 2860 376 2922 et
400 2859 481 2942 apud
503 2859 708 2944 Ropnolrhmc
730 2861 769 2924 ad
792 2879 907 2924 annum
930 2861 1013 2924 1559
1034 2880 1112 2948 num
1129 2861 1179 2924 33.

289 2980 330 3043 Et
351 2999 421 3044 cnm
441 2981 478 3044 ad
503 2980 671 3045 Ecclesiam
694 2967 897 3048 Γ1666666666]
919 2983 952 3047 16
972 2981 1104 3049 Oroatia
1126 2981 1184 3046 sub
1209 2977 1423 3060 Archiepisco-

80 3099 83 3106 ’
185 3083 824 3168 666686616666666166666660666666
856 3088 891 3151 ut
913 3087 997 3170 Rege
1030 3083 1212 3169 Hungariae
1247 3081 1423 3152 nominatus
1487 3142 1490 3146 .

187 3188 268 3252 66666
290 3188 399 3256 Frater
418 3189 529 3253 Petrus
550 3189 587 3254 de
608 3189 718 3256 Orosco
741 3191 978 3282 Eranciscanns,
1001 3191 1068 3260 Sao.
1089 3189 1294 3274 Congregatio
1317 3187 1425 3254 Consi·

188 3292 332 3359 storialis'
346 3290 394 3357 die
417 3292 466 3360 18.
482 3293 576 3358 ’.16611
598 3300 685 3360 1643
706 3297 842 3374 6666616ς
887 3295 1042 3360 Ecclesiae
1073 3295 1230 3378 praefatae
1263 3291 1425 3375 prociden-

175 3397 261 3461 dum
281 3409 348 3480 'esse
371 3395 408 3461 de
432 3397 565 3462 Persona
588 3398 664 3464 dicti
682 3400 783 3464 nutris
807 3400 894 3464 Petri
918 3399 955 3473 de
976 3399 1097 3478 Orosco,
1120 3397 1286 3464 6666666616
1312 3397 1424 3462 collect

188 3503 305 3568 idioma
329 3521 497 3584 eonpruum
521 3503 563 3566 ud
585 3503 757 3568 6666661666
784 3505 960 3584 fenerationes
990 3509 1054 3567 16666
1076 3502 1306 3582 Episcopules,
1331 3521 1424 3584 quum

163 3689 173 3700 .
189 3605 289 3683 066661
292 3605 369 3670 iales
389 3604 593 3677 sternuere
616 3606 827 3689 Episcopatus
849 3607 903 3690 1666
900 3606 1028 3672 ’1666666666
1048 3607 1125 3670 66666
1126 3605 1271 3672 arboastes.
1275 3610 1294 3641 ‘³

294 3725 355 3792 Sub
378 3726 536 3792 Clemente
505 3728 612 3795 th
638 3731 688 3792 aot
689 3748 741 3794 um
775 3729 836 3793 fuit
871 3728 908 3793 de
924 3727 1119 3792 restituenda
1143 3725 1220 3790 Sede
1250 3725 1424 3808 Episcopali

188 3825 798 3917 16666666666665668666616’1661661661
822 3831 1078 3898 adinstantiam
1111 3830 1197 3894 ducis
1233 3831 1270 3895 de
1296 3829 1427 3895 Milche·

188 3939 288 4021 hung,
323 3937 354 4002 et
375 3937 412 4001 de
432 3936 635 4020 praeficiendo
655 3937 767 4028 ⁸cidem
802 3937 957 4002 Ecclesiae
993 3913 1162 4001 Personam
1197 3935 1230 4004 P.
1264 3933 1427 4017 Theophili

189 4041 371 4120 Dentresal,
393 4043 424 4105 66
448 4042 670 4109 internectere
692 4042 829 4107 discussa
847 4042 877 4106 in
899 4040 1080 4124 particulari
1102 4039 1350 4124 Congrcgatione
1375 4057 1427 4103 66-
1469 4113 1476 4121 ,

294 4304 319 4372 1)
342 4305 612 4367 thomassinum.
713 4295 717 4304 ’
1013 4313 1020 4331 ¹

292 4391 319 4460 2)
341 4391 484 4460 Ropaold
502 4405 563 4444 ann.
583 4389 650 4444 1209
668 4407 694 4444 n.
713 4391 737 4446 6.
755 4390 846 4446 refert
875 4391 1072 4453 'Phemonoen
1091 4389 1121 4442 P.
1141 4387 1211 4441 ll..l
1237 4387 1263 4440 1
1287 4384 1427 4454 cap.103.

191 4494 217 4533 6
236 4478 275 4534 11.
294 4495 355 4548 pag.
377 4478 436 4533 294.
1347 4534 1350 4542 ¹

293 4566 322 4624 3)
341 4564 443 4620 Narrat
459 4563 530 4621 idem
553 4563 745 4643 Themessata,
763 4563 793 4618 P.
812 4563 848 4616 ΙΙ.
866 4563 911 4619 lib.
932 4563 955 4618 3.
977 4578 1033 4634 cap.
1053 4561 1094 4617 63.
1114 4561 1200 4617 610.
