3178 4962
226 222 289 302 258
313 299 315 302 ,
348 238 517 308 Symerslry.
552 237 734 300 Necessitas,
752 213 907 308 irt‘prepio
926 238 1069 307 linquam
1087 237 1202 292 calleat
1215 241 1336 306 pastor.

331 411 406 488 „bat
429 390 605 494 apostolus,
629 407 667 491 (l.
693 407 760 473 Cor.
784 406 839 473 IV.
866 407 933 490 16.)
956 407 983 472 si
1016 426 1076 472 uon
1110 406 1374 491 evangelizavero!
1408 426 1468 471 ne-

330 515 480 593 „cessitas
504 515 584 579 enirn
608 513 686 576 mibi
716 512 885 578 incumbit:
930 512 997 576 Nec
1029 513 1193 597 praecipue
1221 513 1260 576 ari
1289 512 1469 594 baptizandi
1560 519 1569 528 “

257 663 259 668 ,
329 637 462 700 „munus
485 618 626 702 quamvis
656 619 819 694 sanatum,
855 617 908 680 sed
931 615 1139 698 'potIssimum
1173 616 1302 704 adlit.
1324 617 1362 698 gl.
1401 618 1469 704 17.)

330 722 622 806 „evangelizandum
647 740 665 785 a
686 721 811 786 Christo
833 721 965 786 Domino
987 739 1020 784 se
1043 721 1171 786 missum
1197 739 1271 785 esso.
1319 721 1388 802 lpso
1412 741 1469 785 an-

244 889 251 910 „
290 909 292 914 Ι
330 830 414 906 „tem
438 812 655 910 Apostolorum
677 825 795 908 judicio
819 826 932 910 primos
955 827 1058 890 tenere
1082 825 1225 890 nouimus
1247 825 1340 889 Verbi
1372 826 1468 889 mini-

328 931 490 1012 „sterium
513 931 594 1013 quod
617 931 701 1014 (uer.
726 930 780 994 VI.
804 931 833 996 2.
857 930 900 1014 4)
923 947 982 993 non
1006 929 1373 1010 aequumderolioquere
1405 929 1469 993 exi-

330 1036 517 1114 „stImaruut
538 1035 727 1100 sanctissimi
756 1035 830 1110 viri;
855 1054 890 1098 ac
913 1035 1074 1117 propterea
1102 1034 1222 1116 reliqua
1251 1053 1360 1116 opera,
1388 1021 1468 1116 quac

329 1140 389 1217 „acl
413 1140 655 1229 misericordiam
687 1159 760 1224 erga
783 1139 955 1222 proximum
985 1139 1192 1220 pertinerent,
1225 1137 1368 1210 Illaoonis
1391 1157 1467 1201 oen-

323 1244 479 1335 ',‚suerunt
501 1244 641 1327 oportere
658 1243 827 1308 committi.
873 1243 914 1306 Et
933 1242 1140 1306 Beatissimus
1163 1241 1281 1306 Paulus
1304 1240 1343 1304 ad
1361 1241 1469 1306 Timo·

330 1349 456 1426 „theom
492 1348 600 1412 scribit
636 1345 675 1431 (I.
707 1347 841 1422 Timotb.
875 1347 929 1412 IV.
964 1347 1031 1430 13.)
1073 1345 1211 1411 Attouda
1223 1387 1230 1402 =.
1239 1344 1382 1423 lectioni,
1413 1365 1468 1410 ex-

329 1451 529 1530 „hortationi,
555 1453 587 1516 st
609 1451 785 1516 doctrinae(
822 1450 853 1515 Si
871 1450 1073 1534 quIsautem
1098 1468 1131 1514 se
1153 1468 1257 1531 carere
1279 1450 1396 1513 seutIat
1418 1451 1467 1514 fa·
1520 1455 1524 1461 '

328 1557 478 1635 „cultata
492 1542 622 1636 dicendi,
644 1573 700 1621 nec
722 1555 838 1638 ingenii
861 1556 909 1636 sui
935 1575 1014 1620 esse*
1030 1555 1114 1632 dicat
1143 1553 1175 1616 id
1206 1572 1317 1618 mainus
1348 1555 1466 1636 exequi,
1496 1552 1506 1562 ”

327 1661 381 1742 „iu
405 1659 532 1741 reliquis
555 1659 676 1738 saltam,
700 1679 778 1742 quae
801 1658 839 1722 ad
858 1658 1006 1730 ¹Verbum
1043 1657 1101 1722 oei
1131 1656 1341 1740 quoquomodo
1369 1659 1468 1740 perti-

325 1766 434 1856 '‚,neut,
458 1781 517 1828 oon
539 1763 678 1845 patiatur
700 1762 835 1826 officium
866 1771 955 1826 subm
979 1761 1104 1845 requiri.
1149 1761 1257 1842 Itaque
1287 1761 1313 1826 si
1335 1761 1468 1826 manda-

235 1942 238 1946 ,
326 1869 426 1948 „verit
450 1866 585 1943 Clericis',
608 1867 643 1930 ut
667 1865 855 1930 christianae
879 1863 1043 1930 Doctrinae
1065 1863 1241 1928 rudimenta
1262 1866 1366 1946 pueris
1397 1866 1465 1931 tra-

328 1972 435 2052 „daut
457 1971 489 2034 in
515 1988 583 2034 eam
607 1988 672 2034 rem
687 1969 749 2034 alet
771 1988 894 2053 operam
917 1987 1037 2052 quoquo
1059 1987 1159 2034 suam.
1186 1969 1353 2033 ¹Parachis
1368 1970 1466 2034 etiam

326 2077 380 2157 „in
404 2074 543 2144 docendo,
561 2073 677 2138 socium
691 2091 733 2148 ,se
751 2073 925 2156 ‘adjungat
950 2075 985 2136 ut
1007 2091 1097 2136 suum
1129 2072 1335 2136 annunciandi
1369 2075 1466 2140 Verbi

327 2198 462 2260 „munus
482 2178 587 2260 aliqua
616 2179 761 2258 exparte
795 2177 938 2253 tucatur,
961 2195 1039 2259 quae
1069 2195 1118 2242 res
1145 2176 1338 2260 alacritatem
1369 2178 1465 2247 etiarn

222 2320 223 2323 =
275 2341 278 2348 .
327 2303 503 2364 „summam
527 2267 668 2346 omnibus
691 2280 808 2360 afferet,
833 2299 894 2363 qua
917 2289 1007 2344 suu‘m
1032 2279 1161 2363 quisque
1184 2271 1276 2350 obeat
1290 2281 1443 2347 ‘officium

371 2384 599 2466 „Quamobrem
622 2402 667 2460 ne·
682 2385 829 2466 gravetur
850 2403 922 2448 oum
946 2383 1223 2448 Consacerdotibus
1253 2385 1318 2449 suis
1347 2386 1466 2468 aliquo·

319 2490 407 2570 „ties
429 2489 634 2563 Sacramenta
657 2487 799 2552 fidelibus
816 2487 1012 2564 ministrare;
1038 2487 1169 2553 Chorum
1193 2488 1349 2554 interdum
1366 2490 1461 2571 adire,

228 2665 231 2670 ,
327 2595 379 2674 „et
402 2594 542 2658 Psalmos
565 2612 635 2657 cum
660 2591 822 2674 Cauouiois
846 2585 972 2669 conere3
997 2592 1241 2672 collationibus,
1265 2613 1341 2678 quas
1371 2595 1464 2659 iusti·

321 2697 464 2778 „tuerit,
489 2716 590 2763 coram
623 2685 779 2779 praeesse:
803 2716 838 2761 es
860 2716 920 2780 quo
942 2697 1016 2775 fiet,
1037 2697 1073 2761 ut
1107 2715 1166 2761 non
1187 2697 1350 2762 uninirnnm
1385 2699 1466 2764 seori

326 2801 482 2880 „Ministri
518 2800 673 2888 de3illius
706 2801 838 2884 spiritu,
876 2801 1132 2884 quemadmodum
1175 2802 1373 2885 septuaginta
1406 2802 1467 2867 uiri

326 2906 384 2984 „de
411 2905 522 2988 spiritu
546 2905 684 2989 Moysis,
712 2905 875 2987 accipiant.
919 2905 990 2971 Huc
1023 2891 1169 2996 accedit,
1188 2905 1269 2988 quod
1303 2905 1464 2988 populum,

324 3009 398 3092 „qui
421 3009 497 3088 haec
523 3008 644 3086 uiderit,
658 3008 789 3072 ¹summa
812 3009 849 3073 de
873 3007 969 3078 diuiui
991 3009 1159 3074 sanctitate
1193 3009 1296 3073 cultus
1326 3009 1466 3092 opplebit

211 3099 219 3106 κ
243 3101 247 3110 ’
327 3111 462 3194 „opinio3
484 3114 516 3178 et
539 3113 689 3196 ejusmodi
712 3114 845 3196 augusto
868 3114 1043 3195 spectaculo
1066 3113 1205 3179 homines
1228 3113 1378 3200 maculosi
1410 3114 1466 3180 do-

325 3215 472 3296 „territi,
509 3215 549 3280 ad
577 3235 699 3281 sacrum
732 3216 941 3282 Ministerium
975 3236 1014 3282 ne
1043 3215 1180 3299 aspirare
1213 3216 1336 3310 quidem
1367 3218 1463 3284 aude·
1502 3215 1506 3222 ’

328 3319 456 3398 „bunt.“
925 3312 929 3322 ’

323 3421 405 3488 Hiuo
427 3422 511 3489 recte
535 3421 644 3488 scribit
668 3422 823 3489 Ferraris
838 3437 842 3444 '
857 3424 952 3507 (verb.
987 3422 1156 3508 Episcopus
1181 3425 1239 3492 art.
1263 3425 1288 3492 l.
1313 3445 1396 3491 num.
1432 3427 1462 3492 7.

221 3527 307 3594 Tam.
331 3527 390 3594 III.
414 3547 485 3612 pag.
509 3527 598 3612 322.)
624 3529 812 3612 »Episcopus
834 3530 962 3598 vocatur
985 3527 1100 3606 Pastor
1116 3530 1154 3593 ab
1176 3527 1282 3594 allicio
1300 3530 1380 3613 quod
1403 3530 1462 3594 ha·
1493 3604 1497 3614 q

220 3632 273 3698 bet
295 3632 438 3716 pascendi
462 3649 532 3697 oues
556 3631 615 3695 sibi
638 3633 816 3698 commissas
839 3632 926 3697 verbi
948 3631 1012 3698 Dei
1030 3633 1269 3714 praedicatione
1291 3652 1328 3698 ac
1342 3634 1462 3701 Sacra·

221 3743 395 3804 mentorem
418 3737 703 3820 administratione,
726 3738 762 3802 ut
784 3719 922 3802 Pastoris
955 3737 1048 3802 officii
1071 3756 1137 3802 esse
1169 3737 1327 3821 proprium
1361 3738 1459 3817 docet,

220 3840 252 3903 et
273 3841 400 3918 monet,
423 3843 455 3905 et
477 3839 599 3924 saepius
621 3840 758 3928 inculcat
781 3840 952 3907 Concilium
974 3841 1187 3906 'tridentinum
1203 3849 1215 3922 ,'
1245 3859 1320 3910 sess.
1344 3841 1399 3908 VI.
1423 3841 1461 3906 de

218 3942 340 4008 reform.
362 3962 428 4027 cap.
454 3945 479 4010 1.
505 3946 536 4009 ot
559 3963 635 4010 sess.
660 3945 778 4010 XXIII.
803 3965 869 4028 cap.
895 3948 947 4011 I.“
1040 3947 1042 3953 '
1356 3961 1360 3968 “

325 4046 400 4112 Jam
433 4068 504 4114 vero
539 4049 638 4131 quoad
663 4049 937 4117 Sacrameatoram
970 4050 1275 4116 administrationem
1308 4049 1460 4135 praecipit

217 4149 358 4235 Synodus
381 4152 619 4219 Trident‘sess.
643 4153 758 4220 XXIV.
782 4155 819 4220 de
841 4155 1041 4237 reformoap.
1068 4154 1096 4219 7.
1121 4153 1301 4237 „Episcopis
1316 4155 1460 4220 omnibus

217 4256 253 4319 ut
276 4274 337 4320 non
357 4256 456 4320 solum
480 4275 551 4321 oum
572 4257 650 4340 lraeq
670 4276 724 4340 per
746 4258 828 4340 ipsos
845 4251 934 4323 eruut
957 4259 1070 4342 populo
1094 4257 1350 4338 administranda,
1373 4259 1459 4342 prius

216 4359 340 4424 illorum
364 4361 427 4424 vim
449 4363 481 4425 et
503 4378 593 4424 usum
610 4380 668 4444 pro
691 4361 927 4444 suscipientium
950 4364 1043 4447 captu
1066 4362 1242 4445 explicent‘
1263 4397 1307 4410 —
1335 4365 1367 4427 et
1389 4362 1459 4446 qui·

216 4463 286 4528 dem
309 4466 346 4530 ot
377 4463 615 4555 elsequentibus
639 4466 823 4531 necessitate
845 4465 946 4549 logica
973 4466 1126 4549 sequitur,
1148 4467 1257 4549 lingna
1276 4467 1456 4550 camarata,

214 4568 403 4662 proindeque
428 4565 644 4657 banccallere
668 4569 792 4637 debent.
887 4573 888 4580 ’
