3178 4962
196 216 259 281 250
301 233 472 304 Symersty.
506 235 689 298 Nececstleu,
707 239 744 290 rot
758 237 862 306 preyts
879 237 1023 306 lingnam
1040 237 1156 291 calleat
1179 241 1301 306 postor.

278 405 393 470 .Hisoe
415 405 594 490 praemissis
602 405 669 489 jam
693 405 795 488 ipsum
818 406 936 470 tontum
948 405 1087 490 Regulae
1102 405 1312 472 Cancellariae
1331 409 1447 492 XXI*-

196 508 387 587 addncimus,
403 508 564 593 eidemque
586 509 840 576 commentarium
862 510 995 593 praelati
1015 510 1152 576 loannes
1175 510 1304 596 Riganti
1326 512 1445 596 adjici-

195 633 272 693 mus,
295 614 341 678 ita
364 620 467 679 tamen
491 615 527 679 nt
551 633 610 680 non
631 633 730 698 panea
752 617 854 681 tame
884 613 1007 700 legibus
1032 613 1249 681 ecclesiasticis
1278 635 1372 700 quarn
1404 636 1447 682 ex

198 717 268 784 aliis
290 719 427 802 probatis
450 719 628 785 auctoribus
650 719 833 786 luseramus.

523 907 660 1003 Regula
682 907 785 974 XIL:
829 907 881 975 Ile
902 907 1092 978 idiomate.
1118 893 1122 900 ’
1196 954 1201 957 —

354 1031 453 1096 »Item
475 1031 583 1112 voluit,
604 1011 685 1116 quod
707 1006 734 1096 si
756 1031 918 1116 contingat
941 1033 1008 1097 tam
1030 1032 1063 1096 in
1087 1032 1199 1110 (turia,
1230 1023 1448 1116 quemeatra'

267 1214 270 1219 Ι
304 1133 416 1198 »alieni
440 1135 592 1200 Personae
615 1133 653 1200 de
672 1135 848 1230 Parocbiali
870 1136 1017 1215 Ecclesia,
1045 1137 1092 1202 vel
1115 1136 1222 1220 quovIs
1252 1136 1314 1201 alto
1338 1138 1446 1202 Bene-

305 1237 394 1303 »ficio
415 1237 593 1304 exercitium
617 1258 708 1304 curae
732 1239 905 1305 animarum
927 1239 1186 1308 Paroobianorum
1209 1240 1448 1324 quomodolibet
1501 1305 1505 1309 .

217 1365 219 1370 ·
306 1341 458 1408 »habente
479 1342 642 1426 provideri,
663 1343 723 1408 nisi
746 1344 813 1426 ipsa
829 1362 959 1428 persona
974 1343 1133 1431 scotticae,
1150 1351 1179 1410 et
1199 1345 1448 1427 intelligibiliter

307 1447 505 1530 »loquisoe'ot
526 1447 654 1530 idioma
676 1448 745 1528 loci,
767 1448 822 1513 ubi
839 1446 967 1514 ecclesia
987 1449 1036 1513 vel
1060 1447 1250 1514 Beneficium
1262 1448 1448 1531 buJusmodi

307 1551 487 1632 »consistit,
516 1543 671 1634 procero,
694 1571 748 1617 seu
786 1551 969 1618 mandatnm
992 1553 1024 1616 et
1056 1551 1161 1638 gratia
1183 1551 1313 1634 desuper
1337 1551 1446 1635 quoad

263 1693 265 1697 -
305 1655 531 1738 »parochialem
550 1655 732 1734 Ecclesiam,
757 1657 806 1720 uel
830 1656 1019 1738 Beneficium
1035 1655 1210 1740 hujusmodi
1235 1656 1356 1722 nullius
1377 1657 1448 1722 sint

251 1821 253 1824 .
305 1760 448 1826 »roboris
469 1761 516 1826 vel
531 1760 685 1826 momenti.
732 1759 905 1826 Decenrens
925 1759 1049 1825 Irritum
1073 1760 1151 1825 etc«

304 1864 381 1948 ngit
402 1863 524 1948 Regula
546 1867 650 1934 nostra
675 1864 707 1946 1)
728 1864 766 1928 dc
788 1864 925 1928 Ecclesia
941 1864 1127 1946 paroelu'olc'
1157 1864 1189 1928 et
1211 1865 1245 1948 2)
1269 1862 1308 1928 dc
1330 1865 1445 1945 quouis

205 1959 270 2034 allo
292 1969 452 2050 Beneficio
475 1969 656 2034 cascellium
678 1988 772 2034 oreroe
794 1969 977 2034 animorum
993 1969 1265 2058 parochianorum
1288 1969 1445 2064 quomodo

204 2071 277 2138 libet
299 2071 436 2138 lactente.

309 2176 445 2240 Haecut
465 2174 578 2254 mellus
593 2174 821 2260 intelligantur,
845 2195 904 2241 non
927 2175 983 2240 abs
1004 2195 1037 2240 re
1051 2174 1118 2253 erit,
1144 2176 1204 2240 hnc
1224 2175 1445 2255 transcribere,
1559 2229 1560 2256 ,

151 2267 153 2269 ¹
205 2297 283 2361 qnae
307 2278 473 2344 Canonista
494 2280 652 2346 Romanus
677 2280 712 2346 P.
733 2279 882 2345 Camillus
901 2281 1052 2364 Tarquini
1081 2279 1111 2348 S.
1134 2279 1165 2346 J.
1190 2279 1239 2344 die
1260 2281 1312 2345 23.
1333 2279 1447 2345 Martii

158 2377 160 2380 ’
204 2382 288 2446 1863
313 2401 417 2448 coram
439 2381 471 2450 S.
496 2383 741 2468 Congregatione
754 2385 802 2448 de
824 2385 1028 2468 Propaganda
1045 2385 1118 2450 rino
1139 2384 1181 2449 de·
1194 2383 1358 2450 Pastorole'
1381 2384 1444 2466 Of-

198 2485 272 2566 ficio
294 2484 475 2569 disputavit,
498 2505 592 2572 quum
614 2487 763 2572 ageretur
781 2488 819 2553 de
842 2489 1014 2554 dirImenda
1034 2489 1230 2573 quaestione,
1254 2507 1294 2552 an
1315 2487 1446 2570 Episco-

201 2608 268 2671 pus,
289 2589 343 2673 qui
366 2591 399 2656 in
420 2609 477 2657 sua
499 2591 629 2658 dioecesi
648 2593 696 2657 est
721 2590 815 2676 etiarn
838 2591 993 2660 Perochns
1024 2592 1114 2658 umus
1138 2613 1173 2657 ex
1195 2591 1357 2675 paroeciis,
1389 2613 1446 2676 ap-

141 2731 144 2742 ‚
201 2693 366 2775 plicatione
388 2694 503 2762 Elissae
525 2713 578 2778 pro
607 2694 883 2774 suis¹dioecesanis
907 2696 1081 2762 satisfaciat
1103 2715 1223 2780 quoque
1244 2695 1444 2780 obligationi,

87 2821 97 2829 ‘
202 2817 263 2883 qna
286 2799 409 2864 tenetur
431 2799 672 2892 ob-Parocbiale
695 2800 840 2866 officium.

306 2904 356 2970 Sic
379 2906 483 2970 autem
506 2905 681 2971 nominatus
702 2905 867 2972 Oanonista
890 2905 1097 2989 applaudente
1126 2904 1157 2971 S.
1193 2904 1446 2990 congregatione
1559 2917 1560 2972 l

202 3011 354 3093 pastorale
373 3009 507 3074 officium
530 3008 692 3092 descripsit
707 3009 748 3092 ¹):

243 3109 244 3112 ’
311 3110 503 3178 »Secundum
528 3111 663 3177 diuinam
685 3112 840 3178 Ecclesiae
858 3111 1105 3190 institutionem,
1130 3113 1270 3194 effictam
1286 3111 1443 3192 postoris,
1559 3103 1560 3120 .

205 3236 262 3281 sna
296 3215 477 3300 integritate
520 3235 574 3281 sen
612 3216 803 3300 plenitudine
838 3217 953 3282 residet
984 3216 1015 3280 in
1044 3216 1117 3281 solis
1152 3215 1319 3298 Episcopis.
1366 3214 1443 3280 Cae-

103 3387 111 3402 χ
202 3317 262 3384 teri
286 3319 366 3384 enim
387 3319 440 3404 qui
462 3340 571 3387 ccccm
593 3322 773 3387 animorum
795 3321 908 3387 babeat
924 3327 1055 3403 praeter
1077 3321 1269 3404 Episcopos,
1294 3339 1354 3385 nou
1378 3320 1440 3384 ba-

204 3423 277 3489 bant
307 3422 405 3490 veluti
426 3424 601 3507 proprium,
631 3425 749 3510 sibique
769 3425 931 3490 inhaerens
961 3423 1093 3506 pastoris
1117 3423 1252 3489 officium
1274 3441 1309 3488 en
1340 3421 1443 3487 divino

199 3528 279 3611 jure,
302 3528 356 3593 sed
377 3526 456 3592 illud
480 3530 621 3594 exercent
642 3548 678 3593 er
701 3528 908 3617 ecclesiastica
930 3527 1123 3610 delegatione
1146 3528 1177 3591 et
1197 3526 1440 3614 *constitutiona

203 3634 234 3696 et
246 3609 340 3696 'intra
363 3629 511 3714 quosdam
527 3631 674 3698 limites«
721 3633 812 3697 Hanc
829 3632 933 3696 thesin
956 3630 1126 3696 Canonista
1141 3630 1286 3714 allegatis
1303 3629 1444 3712 pluribus

203 3735 444 3801 auctoritatibus
466 3733 586 3818 probat,
610 3738 642 3802 et
662 3735 733 3802 dein
751 3725 840 3820 paulo
861 3736 990 3802 interius
1013 3736 1044 3800 in
1066 3755 1100 3802 eo
1113 3753 1248 3814 versans,
1273 3736 1441 3800 uttextum
1559 3751 1560 3812 ξ

204 3837 293 3904 illum
316 3855 355 3906 ss.
377 3839 505 3907 concilii
527 3840 701 3907 Tridentini
723 3861 796 3907 sess.
821 3841 939 3906 XXIII.
962 3860 1028 3924 cap.
1056 3842 1082 3904 1.
1107 3841 1144 3904 de
1168 3839 1297 3905 reform:
1346 3837 1442 3910 »Cum
1506 3923 1513 3937 ι
1559 3875 1560 3886 .

203 3945 365 4026 praecepto
389 3943 491 4010 divino
507 3944 689 4012 mandatum
710 3945 751 4009 stt
763 3944 905 4010 omnibus
928 3944 1236 4027 quibusam'morum
1259 3962 1337 4008 eura
1360 3961 1445 4006 com·
1559 3935 1560 3944 ’

176 4046 298 4127 ,missa
321 4049 471 4126 estoces
494 4067 565 4114 suas
588 4067 764 4133 agnoscere,
787 4067 841 4131 pro
867 4049 915 4112 bis
938 4046 1124 4114 sacrificium
1145 4045 1274 4126 offerre,
1298 4045 1444 4129 verbique

203 4149 299 4216 divini
316 4151 552 4234 praedicatione,
578 4155 841 4218 sacramentomm
860 4150 1141 4228 admInistnatione,
1162 4169 1197 4214 ac
1214 4149 1363 4216 bonorum
1377 4168 1444 4214 om·
1559 4179 1560 4220 l

203 4257 289 4322 nium
313 4276 439 4340 operum
461 4257 598 4340 exemplo
621 4276 763 4340 pascere,
787 4275 957 4340 pauperum
992 4255 1193 4337 aliarumque,
1219 4252 1443 4318 miserabilium
1559 4299 1560 4328 ,

202 4381 401 4445 personarum
423 4379 530 4427 euram
552 4362 713 4444 paternam
733 4348 858 4446 gerere,
881 4363 913 4426 et
943 4360 975 4425 in
998 4361 1120 4425 caetero
1143 4358 1249 4423 munia
1271 4355 1441 4440 pastoralia
1559 4351 1560 4410 Ξ

309 4502 333 4572 1)
353 4502 413 4557 Vid.
432 4501 502 4556 Acta
519 4517 550 4554 ex
564 4499 596 4552 iis
614 4498 748 4571 decerpta,
767 4515 836 4569 qnae
850 4497 922 4569 apud
941 4498 1068 4554 Sanctam
1087 4495 1181 4552 sedem
1199 4499 1339 4566 geruntur.
1384 4495 1438 4551 Vo-

205 4591 294 4646 lumen
312 4589 333 4644 1.
353 4606 415 4662 pag.
434 4588 485 4644 389
504 4602 578 4659 seqq.
596 4585 697 4644 Itomae
716 4585 792 4643 1866.
