3150 4978
400 287 495 348 Ueder
513 293 571 348 dua
590 289 818 350 Poeesamaaze
844 293 1069 353 l'ala'celleaam
1092 299 1126 354 E.
1145 290 1190 355 15.
1366 281 1409 350 23

382 463 677 549 (Weseerscbleben.
708 466 1023 534 Pseudo-Romanum
1045 490 1074 552 p.
1098 471 1186 555 361.)

271 584 340 648 Dne
360 585 445 650 Deus
468 586 660 668 omnipotens
682 585 834 670 propitius
864 589 930 654 esto
962 590 1038 654 mihi
1066 593 1237 678 peccatori,
1268 595 1305 659 ut
1333 614 1407 662 con-

162 689 260 770 digne
283 687 397 772 possim
419 688 478 752 tibi
502 689 620 773 gratias
643 693 748 773 egere*
767 692 818 774 qui
843 711 891 757 me
913 692 1076 778 indignum
1099 697 1223 780 propter
1245 698 1332 764 tuam
1346 700 1407 764 mi-

163 791 364 857 sericordiam
386 793 563 858 ministrum
580 792 682 859 iecisti
705 795 797 860 oificfi
810 796 1059 882 sacerdotalisjet
1071 819 1120 864 me
1142 800 1286 884 exiguum
1303 803 1423 868 humi·

162 895 289 980 lemque
310 895 513 962 mediatorem
548 897 738 962 constituisti
768 898 808 962 ad
838 899 988 964 orandum
1018 903 1049 966 et
1083 901 1334 970 intercedendum
1367 907 1406 972 ad

163 1001 332 1066 Dominum
355 1001 495 1064 nostrum
519 999 627 1065 Jesum
652 1001 750 1065 lltum
773 1021 826 1085 pro
849 1003 1049 1085 peccantibus
1071 1005 1103 1069 et
1125 1005 1163 1070 ad
1184 1007 1406 1090 poenitentiam

162 1102 402 1170 revertent-ibus,
426 1103 557 1186 Ideoque
579 1104 903 1186 dominatorDomine,
927 1109 979 1190 qni
1003 1127 1106 1172 omnes
1122 1109 1261 1178 homines
1283 1113 1329 1178 vis
1345 1115 1407 1179 sal·-

163 1229 218 1276 uos
240 1209 308 1273 fieri
330 1209 361 1273 et
383 1208 422 1272 ad
445 1208 634 1290 agnitionem
658 1210 799 1274 uentatis
822 1209 936 1290 venire,
961 1211 1012 1294 qui
1035 1231 1095 1276 non
1118 1212 1163 1278 vis
1185 1218 1315 1282 mortem
1335 1237 1407 1302 pec·

164 1313 289 1392 catoris,
315 1311 369 1376 sed
391 1313 428 1376 ut
450 1314 648 1378 convertatur
670 1315 701 1378 et
723 1315 819 1390 vivat,
843 1315 963 1398 suscipe
986 1315 1155 1382 orationem
1179 1339 1289 1401 meam,
1312 1341 1405 1406 quam

162 1418 260 1484 fundo
282 1418 355 1482 ante
385 1418 582 1499 conspectum
614 1416 797 1482 clementiae
832 1420 905 1484 tuae
933 1438 987 1503 pro
1017 1420 1153 1502 peccabis
1176 1423 1253 1489 meis
1287 1426 1319 1490 et
1351 1445 1406 1510 pro

162 1523 223 1588 hoc
249 1520 366 1586 famulo
389 1521 453 1597 tuo,
477 1519 637 1602 quiverit
661 1521 700 1584 ad
720 1521 950 1605 poenitentiam.
975 1524 1043 1590 Per.
1103 1567 1106 1572 ·

269 1625 345 1691 Cum
367 1625 568 1706 prostraverit
591 1627 804 1707 repoenitens
827 1625 922 1692 iaciat
938 1627 1079 1693 sacerdos
1102 1629 1242 1697 letanias.
1267 1631 1342 1698 Post
1355 1652 1406 1698 er·

162 1727 266 1813 pletas
289 1728 424 1794 letanias
447 1723 541 1793 Dicet
561 1729 721 1813 presbyter
743 1730 798 1794 hos
821 1747 943 1796 versus:

267 1834 334 1916 Ego
358 1831 420 1896 diri
442 1831 510 1896 Dne
532 1833 675 1898 miserere
706 1834 777 1898 mei.
822 1833 948 1899 Salvum
967 1836 1016 1898 fac
1038 1854 1158 1901 seruum
1187 1839 1286 1906 tuum.
1330 1842 1404 1907 Pro·

156 1936 259 2020 pitius
294 1938 359 2001 esto
397 1935 464 1999 Dne
499 1935 633 2017 peccatis
667 1936 788 2003 nostris,
851 1935 1032 2002 Convertere
1066 1937 1134 2004 Dne
1166 1939 1405 2024 aliquantulum.

164 2041 234 2106 Dne
259 2039 370 2105 exandi
392 2040 560 2105 orationem
585 2057 698 2106 meam.¹
740 2041 863 2126 Exurge
885 2041 953 2106 Dne
975 2041 1088 2125 adjuva
1108 2061 1171 2110 nos.

319 2161 437 2228 Oratio.

268 2266 351 2331 Deus
374 2266 424 2330 oui
446 2265 601 2348 proprium
625 2265 672 2330 est
695 2264 833 2330 misereri
854 2284 974 2350 semper
991 2261 1035 2332 'et
1054 2286 1187 2350 parcere,
1211 2267 1331 2350 suscipe
1353 2267 1408 2333 de·

162 2372 370 2456 precationem
386 2371 522 2434 nostram
543 2369 575 2433 et
596 2368 848 2433 famulaminum
861 2369 901 2436 N.
925 2369 964 2434 ad
983 2371 1408 2454 confessionemetpoeniten·

162 2477 430 2558 damnorumque
461 2472 705 2538 emendationem
737 2473 911 2557 uenientem
946 2476 1017 2540 tuae
1047 2474 1172 2560 pietatis
1206 2475 1406 2559 inspiratione

163 2581 383 2663 compunctum
405 2597 494 2660 quem
517 2575 699 2641 delictorum
713 2577 823 2642 eatena
845 2579 1039 2664 constringit,
1064 2579 1223 2644 miseratio
1245 2580 1319 2645 tuae
1341 2579 1406 2662 pie·

163 2683 241 2749 tatis
267 2681 417 2746 absolvat.
441 2682 510 2750 Per.
1243 2701 1247 2708 r
1291 2683 1294 2688 '

321 2785 440 2850 Deinde
462 2805 507 2868 ps.
531 2786 596 2854 boe.

270 2909 335 2974 Due
348 2927 385 2972 ne
398 2906 477 2972 inira
489 2909 543 2972 tua
555 2926 668 2992 arguas
680 2927 738 2989 me,
751 2925 841 2990 quern
860 2907 1020 2992 sanguine,
1033 2925 1145 2990 usque:
1169 2907 1318 2973 etlumen
1335 2925 1406 2973 oon-

161 3014 265 3079 lorum
290 3031 436 3078 nieorum.
482 3011 590 3078 Gloria
612 3011 703 3096 patri.
749 3010 846 3098 Kyrie
870 3012 1001 3097 eleyson.
1025 3011 1088 3076 Xte
1118 3012 1250 3098 eleyson.
1295 3011 1406 3078 Pater·

162 3137 209 3182 nr.
233 3119 265 3181 et
289 3134 372 3200 cap:
1247 3186 1249 3189 ,

174 3211 178 3218 ’
268 3221 316 3286 Ne
339 3220 436 3286 intres
458 3218 624 3302 injudicio
646 3238 714 3284 cum
744 3238 830 3286 servo
852 3221 906 3284 tuo
929 3217 1006 3287 Due.
1052 3219 1100 3285 Ne
1131 3219 1326 3302 derelinquas
1356 3238 1406 3283 me

163 3325 232 3391 Dae
260 3325 314 3390 Ds.
361 3323 484 3389 Delicta
514 3324 688 3408 juventutis
719 3325 751 3388 et
782 3323 976 3408 Ignominies.
1017 3324 1147 3408 Propter
1177 3342 1286 3390 nomeu
1317 3325 1406 3388 tuum

163 3429 232 3518 Due
263 3427 475 3511 propitiaberis
503 3430 628 3513 peccato
658 3447 734 3494 meo.
780 3426 931 3494 Converte
963 3447 1017 3493 nos
1049 3427 1094 3492 Ds
1117 3424 1262 3492 salutaris
1292 3428 1405 3494 noster.

163 3533 313 3598 Illumina
334 3532 445 3598 laciem
469 3534 555 3598 tuam
574 3531 665 3615 super
683 3551 814 3598 servum.
860 3531 927 3596 Dne
952 3530 1060 3596 exaudi
1081 3531 1251 3596 orationem
1274 3549 1383 3598 meam.

244 3699 247 3706 -
320 3653 467 3738 Sequitur
490 3653 598 3720 oratio.

272 3759 337 3824 bne
360 3759 444 3825 Deus
473 3762 593 3838 noster,
623 3757 675 3842 qui
698 3757 862 3823 offensione
897 3758 1001 3822 nostra
1028 3777 1087 3823 non
1121 3757 1251 3822 vinceris
1279 3756 1332 3820 sed
1356 3775 1406 3822 sa·

162 3861 340 3928 tisiuclicne
372 3861 524 3945 placaris,
552 3861 679 3944 Respice
711 3880 802 3946 super
824 3861 906 3926 huuc
926 3861 1077 3926 famulum
1099 3861 1139 3926 N.
1159 3862 1285 3944 peccata
1308 3861 1339 3925 et
1355 3859 1405 3925 fa-

163 3966 270 4030 cinora
292 3985 348 4030 sua
368 3965 566 4032 confitentem
590 3965 770 4049 ueniamque
781 3965 829 4032 illi
851 3965 961 4030 donare
985 3964 1122 4048 digneris
1144 3964 1176 4029 et
1187 3965 1406 4049 preteritorum

164 4069 329 4135 eriminum
353 4070 460 4154 culpus
479 4070 650 4153 indulgeas,
674 4069 727 4151 qui
748 4066 886 4133 humeris
909 4069 971 4133 tuis
992 4087 1078 4134 orem
1101 4068 1255 4152 perditem
1291 4067 1407 4133 duxisti

164 4173 204 4240 ad
227 4174 333 4240 caulas
356 4177 387 4240 ot
411 4175 567 4256 publicani
592 4173 731 4258 precibus
754 4172 906 4257 benignus
930 4173 1056 4256 aspiras.
1102 4173 1240 4238 Remitte
1264 4171 1408 4238 eiomnia
1484 4249 1486 4256 Α

164 4278 295 4344 crimina
317 4279 348 4343 et
371 4279 507 4362 peccata,
532 4279 572 4342 da
593 4298 646 4362 pro
658 4276 817 4362 suppliciis
841 4276 971 4356 veniam,
994 4297 1048 4361 pro
1072 4278 1170 4342 morte
1194 4277 1300 4356 vitam,
1315 4296 1407 4342 cuno·

164 4385 328 4466 torumque
351 4383 418 4467 ejus
441 4384 562 4450 medere
584 4383 762 4450 vulneribus
786 4383 817 4448 et
841 4383 923 4448 siout
946 4401 1034 4448 nemo
1058 4383 1106 4475 cst
1126 4383 1267 4448 nostrum
1285 4382 1365 4447 liber
1389 4402 1406 4448 u

164 4485 266 4568 culpa,
289 4487 336 4552 ita
357 4486 417 4550 iste
438 4507 497 4552 non
521 4487 563 4551 sit
585 4487 705 4553 alienus
728 4505 747 4550 a
769 4486 868 4554 venia.
893 4487 962 4555 Per.

232 4618 237 4626 ·
321 4589 440 4656 Deinde
463 4610 508 4676 pe.
