3150 4978
168 253 211 328 24
278 267 419 330 semota.
439 265 505 322 Das
519 265 748 325 Paenitentiam
760 267 938 324 1199999999
945 270 1003 326 mtt
1011 269 1212 328 1199999919·
1218 269 1411 347 diocletiane.

271 447 418 524 Miserere
440 441 502 508 mci
533 440 589 506 Ds.
609 439 733 542 secund.
762 449 859 525 neque
890 443 923 508 91
954 441 1146 526 iniquitates,
1192 440 1298 510 Gloria
1328 444 1410 529 patri

168 552 421 641 Kyrieelcyson.
465 547 527 612 Xte
548 545 681 630 eleyson.
725 545 820 612 Pater
845 565 890 614 nr.
919 546 950 612 et
972 546 1110 630 capitula
1132 545 1172 614 ut
1187 566 1294 634 supra.

243 717 247 724 μ
271 655 576 842 ὓθιξξζῗῗοωηίυω
599 753 813 831 confitentium
835 752 895 819 tibi
917 753 1010 820 eorda
1031 753 1176 838 purificas
1206 756 1239 821 et
1260 775 1410 824 accusan-

167 866 254 934 tibus
273 883 362 930 suam
382 859 600 928 conscientiam
624 859 663 924 ab
685 858 769 926 omni
791 857 912 924 uinculo
934 856 1111 942 iniquitatis
1144 858 1296 951 absoluis3
1333 861 1409 926 daus

166 967 394 1054 indulgentiam
412 963 544 1048 99911919
567 964 600 1028 91
627 961 812 1028 medicinam
847 960 986 1027 tribuens
1017 960 1189 1029 vulneratis
1222 983 1326 1047 quaes.
1373 967 1410 1030 ut

167 1073 240 1140 huie
261 1072 379 1138 lamnlo
399 1071 453 1136 tue
476 1069 517 1134 N.
534 1068 657 1134 9991999
677 1066 715 1134 ab
736 1085 771 1132 ee
804 1066 887 1134 omni
921 1065 1129 1132 dominatione
1162 1068 1282 1149 peccati
1311 1069 1410 1139 libera

166 1177 227 1244 tibi
247 1176 349 1242 mente
373 1172 521 1240 concedas
547 1169 701 1254 famulari.
725 1170 794 1236 Per.

274 1280 323 1345 Ps.
346 1276 481 1342 Benedic
500 1274 604 1340 anima
624 1293 695 1340 mea
716 1274 820 1338 Duum
843 1274 875 1339 et
897 1273 1000 1339 emnia
1031 1310 1069 1322 -
1102 1291 1198 1358 usque
1232 1310 1271 1322 -
1304 1276 1335 1342 et
1362 1295 1411 1342 re·

167 1383 332 1452 novabitur
347 1380 428 1446 sieut
449 1379 580 1464 aquilae.
625 1376 734 1445 Gloria
753 1377 836 1463 99191
859 1378 891 1442 91
913 1397 979 1461 999.
1001 1376 1036 1444 91
1055 1395 1158 1462 supra
1209 1416 1217 1421 -

325 1485 377 1552 Or.
991 1541 992 1544 ,

271 1588 391 1656 Exaudi
411 1587 481 1654 Due
503 1585 678 1670 supplicum
697 1603 801 1668 preces
822 1584 854 1650 et
877 1583 1092 1650 confitentium
1115 1585 1281 1669 1119199999
1303 1602 1411 1668 99999-

169 1697 224 1773 119,
246 1696 283 1759 91
303 1691 372 1776 quis
394 1689 599 1756 eonscientiae
617 1689 722 1756 reatus
744 1690 880 1767 accusat,
902 1686 1101 1774 Indulgentiae
1124 1689 1155 1754 et
1177 1687 1333 1755 miseratio
1357 1690 1434 1755 tue·

168 1798 296 1884 pietatis
316 1794 465 1862 91991991.
488 1794 523 1860 P.

272 1899 437 2070 Preddlnaiat
461 2000 543 2064 hune
565 1998 717 2064 famulum
739 2000 828 2064 tuum
850 1999 890 2066 N.
914 2017 1017 2082 quaes.
1062 1997 1131 2063 Due
1165 1999 1255 2066 99919
1287 1998 1343 2064 199
1378 1999 1411 2064 91

169 2127 274 2174 cnonas
292 2105 473 2189 iniquitates
495 2103 561 2186 ejus
585 2102 678 2171 991991
696 2101 892 2188 indulgentia
913 2100 1083 2168 deleantur.
1103 2102 1138 2168 P.

325 2213 399 2277 Post
421 2208 594 2275 haecdicit
616 2209 681 2292 pbr.

261 2314 391 2386 ,Accede
409 2314 454 2378 fili
471 2315 543 2378 ante
564 2312 667 2378 Duum
697 2311 729 2377 iu
762 2311 927 2394 conspectu
960 2310 1141 2394 augelorum
1176 2312 1209 2376 et
1232 2312 1411 2376 sanctorum

173 2419 239 2500 ejus
263 2420 295 2484 et
318 2418 460 2484 confitere
483 2419 609 2502 9999919
627 2419 691 2495 199,
721 2434 799 2500 quaa
836 2414 958 2494 diabole
984 2413 1164 2500 instigante
1194 2418 1347 2498 operatus·
1367 2435 1410 2483 es.

169 2522 263 2605 Quia(
281 2523 347 2606 ipse
380 2523 473 2588 dixit:
508 2521 562 2606 qui
599 2541 649 2586 me
677 2520 833 2586 confessus
864 2519 958 2584 fuerit
994 2538 1096 2586 coram
1117 2519 1306 2598 hominibus,
1340 2539 1412 2586 con·

168 2626 279 2692 1119199
309 2628 340 2690 91
362 2645 419 2710 ego
446 2645 517 2690 eum
545 2643 648 2689 eonem
675 2624 762 2707 99199
789 2643 857 2688 meo
885 2623 938 2707 qui
965 2624 1013 2689 est
1041 2622 1072 2688 in
1098 2622 1182 2688 celis.
1226 2623 1268 2689 ut
1296 2623 1431 2688 iterum

168 2731 422 2814 psalmographus
453 2720 560 2794 991999
591 2728 702 2793 cecinit
736 2729 855 2794 dicens:
896 2728 1011 2794 Revela
1041 2727 1109 2792 Due
1142 2727 1226 2794 uiam
1259 2729 1346 2793 tuam
1378 2729 1412 2793 et

169 2833 313 2917 9999919
349 2853 392 2901 eo.
436 2834 516 2897 ltem
542 2832 665 2916 quidem
698 2833 754 2898 sub
782 2851 912 2916 persona
941 2832 1110 2915 penitentis
1140 2832 1261 2916 9991999
1296 2832 1412 2898 elamet

163 2927 200 3002 Ι91
224 2938 316 3002 dicit:
361 2936 420 3002 Dic
443 2938 477 3001 tu
501 2937 585 3021 prius
604 2936 784 3020 iniquitates
805 2941 875 3002 tuas
895 2939 931 3001 ut
943 2935 1139 3020 justificeris:
1183 2935 1264 3001 Item
1286 2935 1319 3000 19
1342 2955 1412 3021 999-

169 3061 241 3109 9999
266 3042 324 3106 Dei
359 3041 486 3125 spiritus
517 3043 642 3106 9999199
670 3060 725 3124 per
758 3060 791 3106 99
825 3040 991 3124 prophetae
1017 3039 1223 3107 consolatoria
1246 3040 1412 3106 99919919-

168 3147 258 3210 tonat
280 3145 399 3213 dicens:
435 3146 512 3229 ,llgo
528 3162 596 3209 sum
617 3164 673 3228 ege
696 3164 784 3224 sum3
807 3145 860 3228 qui
890 3145 977 3210 deleo
999 3144 1180 3228 iniquitates
1208 3147 1278 3210 tuas
1299 3146 1331 3209 91
1353 3165 1410 3228 99-

167 3252 322 3315 cautorum
355 3251 478 3314 tuorum
500 3268 559 3314 uou
583 3267 632 3313 999
656 3267 772 3314 memor
792 3247 942 3332 {aurelius
988 3237 1160 3314 Prornuutie
1181 3267 1275 3332 ergo,
1299 3248 1408 3313 Karis-

168 3354 245 3420 sime
279 3354 334 3432 fili,
377 3353 522 3418 adversus
553 3353 585 3416 19
626 3352 808 3437 iniquitates
841 3354 912 3417 tuas
946 3371 1048 3418 eoram
1083 3353 1165 3432 Deo,
1199 3353 1272 3438 quia
1304 3372 1431 3446 ornrrcs¹

167 3458 324 3524 91991999
347 3458 523 3524 dinumerat
558 3451 590 3522 et
624 3457 780 3523 universas
810 3456 960 3522 mentium
988 3456 1193 3542 cogitationes
1219 3457 1290 3522 ante
1323 3455 1409 3522 uenit

168 3564 199 3628 et
232 3561 384 3646 intelligit
412 3563 443 3625 et
477 3559 542 3643 ip'se
575 3561 715 3625 remittet
748 3559 939 3644 impietatem
976 3560 1075 3627 cordis
1106 3562 1155 3626 tui
1188 3565 1222 3626 et
1244 3561 1354 3626 educet
1376 3562 1408 3626 tc

168 3667 205 3730 de
219 3666 288 3730 1999
310 3665 384 3730 19919
397 3664 437 3730 ad
459 3683 491 3729 se
514 3665 700 3730 clamantem
713 3667 745 3730 et
762 3666 881 3731 statuet
896 3666 1119 3750 suprapetrem
1141 3665 1250 3749 pedem
1267 3666 1356 3729 tuum
1377 3664 1409 3730 et

101 3777 102 3784 ’
167 3769 320 3834 immittet
341 3769 374 3832 in
399 3788 432 3833 99
453 3770 542 3833 tuum
566 3768 720 3834 cauticum
736 3787 849 3834 nouum
871 3769 911 3834 ed
935 3770 1142 3836 confitendum
1163 3771 1270 3834 999919
1293 3768 1409 3834 nemini

168 3894 233 3940 suo.
278 3871 419 3937 Maeuius
440 3891 570 3956 namque
599 3874 774 3938 veternosas
796 3872 996 3940 ninivitarum
1021 3874 1104 3940 trina
1127 3873 1316 3958 penitentiae
1336 3891 1409 3938 con·

167 3976 298 4042 sessione
321 3977 443 4042 9999911
465 3978 496 4042 91
517 3977 677 4042 mulierem
698 3978 902 4062 peccatricem
925 3979 1259 4068 annarissimeflentem
1294 3997 1329 4042 ae
1361 3977 1409 4041 la·

167 4080 271 4146 crimis
288 4080 379 4164 pedes
400 4080 466 4164 ejus
485 4081 640 4165 rigantem
654 4084 687 4147 et
709 4083 741 4147 iu
763 4082 864 4148 cordis
883 4084 1003 4168 gemitu
1027 4084 1156 4166 9999919
1178 4102 1234 4148 999
1254 4082 1406 4148 confiten-

167 4185 251 4262 tem,
271 4184 340 4267 pius
364 4186 395 4248 et
416 4186 540 4250 sanctus
563 4185 714 4252 Dominus
735 4207 795 4277 999
816 4205 884 4252 eam
903 4187 988 4270 prius
1011 4188 1128 4254 amovit
1161 4207 1253 4272 quam
1282 4188 1410 4270 9999919

166 4287 297 4352 remisit.
342 4287 402 4354 Sed
427 4289 931 4357 91111199191999199991199199
955 4292 987 4356 19
1019 4312 1109 4357 99999
1147 4291 1307 4375 pendentis
1341 4309 1408 4356 me·

168 4390 293 4456 9991999
318 4392 409 4458 debes
430 4394 483 4476 qui
506 4395 571 4459 1919
593 4393 682 4460 corde
704 4396 860 4460 confessus
899 4397 937 4460 ad
957 4395 1123 4461 Dominum
1142 4396 1174 4461 iu
1196 4415 1269 4462 9999
1291 4397 1409 4462 ‹rentes-

168 4493 260 4560 sicnis
284 4495 377 4564 dixit:
398 4497 556 4564 Memento
575 4498 636 4563 mei
662 4498 729 4564 Due
757 4518 826 4564 eum
854 4501 973 4565 veneris
1002 4500 1033 4564 iu
1062 4519 1192 4585 regnum
1224 4501 1321 4566 tuum.
1367 4500 1410 4566 nc

167 4598 276 4665 statim
299 4600 406 4669 audire
429 4603 1120 4690 9999911199ᾶί999999991919999991199.
1164 4605 1223 4670 His
1246 4607 1278 4672 et
1301 4605 1409 4672 multis
