3178 4962
300 247 470 345 Spmecalrp.
504 277 687 341 Necessitas,
705 280 742 330 at
759 279 863 347 propte
881 277 1024 346 camporum
1042 277 1156 331 calleat
1172 281 1293 346 postor.
1340 258 1402 324 251

162 445 340 514 incumbere
364 448 443 513 etc«
468 447 562 514 rerba
582 447 698 512 illa
727 447 867 513 amathas
890 448 1001 530 pathas
1022 448 1210 526 animorum,
1227 469 1304 514 arro
1319 467 1403 517 com·
1429 515 1433 526 χ

162 553 264 616 missa
286 557 396 616 est—
418 551 464 616 ita
487 551 643 618 declarat:

162 723 178 739 2
239 755 241 758 Υ
270 671 386 736 »Multi
415 673 488 737 sunt
522 673 575 757 qui
597 673 745 740 dicuutur
779 674 891 739 hahere
925 675 1098 738 animarum
1135 691 1251 738 curem.
1299 673 1404 737 Primo

161 774 210 843 illi
229 777 304 840 sunt
323 776 376 858 qui
399 776 578 859 beneficiam
590 777 725 867 aliquod
747 778 864 842 hahent
886 800 955 844 cum
985 798 1043 861 qao
1073 777 1205 856 directa,
1229 783 1258 843 et
1283 777 1405 858 prica-

158 881 278 964 polr'tec
299 877 488 946 connectitur
509 883 663 965 ejusmodi
686 883 840 964 officiam,
863 883 899 946 ut
919 883 993 947 sunt
1011 881 1165 964 Episcopi
1196 882 1228 946 ot
1258 879 1404 1008 Porocti,

162 1003 350 1066 quocumque
371 989 518 1066 porcator
539 986 670 1062 nomiae.

267 1118 405 1186 Secundo
428 1121 475 1186 illi
495 1122 597 1206 quiin
621 1143 694 1189 casu
717 1123 793 1188 dicti
816 1123 956 1189 beneficii
980 1103 1135 1202 vacantia,
1167 1122 1215 1188 vel
1235 1122 1330 1188 etiam
1354 1121 1402 1187 illi

165 1223 218 1308 qui
243 1226 316 1290 actu
336 1225 471 1291 officium
495 1227 645 1309 exercent,
670 1228 744 1293 dum
767 1247 840 1294 arra
871 1221 1040 1294 habitualis
1072 1228 1142 1293 aliis
1168 1227 1265 1305 inest,
1291 1225 1338 1290 vel
1370 1226 1402 1290 in

163 1329 223 1394 alio
242 1328 337 1395 simili
360 1347 433 1395 casu
456 1349 615 1414 personam
632 1331 765 1398 alienam
781 1333 1027 1416 repraesentant,
1049 1331 1137 1417 cujus
1158 1330 1294 1396 osticium
1319 1347 1404 1394 exer-

163 1432 249 1515 cent;
280 1433 360 1498 tales
390 1436 464 1499 suut
488 1435 605 1501 Vicarii
628 1437 747 1515 curati,
779 1421 843 1502 sire
872 1437 1013 1520 perpetui
1047 1437 1112 1501 sive
1145 1433 1335 1517 temporanei
1371 1434 1403 1498 et

163 1536 363 1613 amoribiles;
390 1523 504 1603 Vicarii
517 1539 699 1622 Apostolici,
711 1539 774 1623 qui,
787 1558 934 1623 suspensa
946 1539 1165 1622 Episcoporum
1182 1537 1403 1615 nominatione,

163 1641 332 1706 mittuntur
354 1641 394 1708 ad
416 1643 584 1726 regendam
607 1643 769 1707 ecclesiam
793 1643 935 1708 canonice
957 1644 1092 1708 erectam
1113 1641 1147 1706 in
1159 1641 1261 1708 sedem
1286 1642 1402 1725 episco-

162 1745 277 1828 palem,
297 1745 346 1811 rel
367 1745 416 1809 illi
440 1745 704 1811 administratores
726 1746 923 1812 ecclesiarum
948 1747 1064 1829 pariter
1086 1743 1324 1830 episcopalium,
1347 1744 1404 1837 qui

164 1851 320 1934 ponuntur
342 1849 374 1912 in
397 1849 499 1915 locum
524 1849 665 1933 Episcopi
688 1848 824 1922 absentis
855 1850 892 1914 de
923 1849 1011 1932 cujus
1034 1849 1101 1914 vita
1134 1846 1322 1944 ignoratur,
1354 1847 1404 1912 rel

167 1953 299 2037 alicujus
321 1953 464 2038 Episcopi
488 1954 634 2019 edivinia
657 1954 795 2037 suspensi
808 1955 866 2020 etc.
891 1953 994 2020 Tertio
1008 1954 1174 2031 Pastorum
1197 1951 1401 2035 coadjutores,

167 2057 301 2140 quinon
325 2057 505 2122 subintrant
520 2057 551 2120 in
575 2077 679 2123 eorum
702 2058 813 2136 locum,
838 2059 891 2124 sed
915 2057 1111 2142 coadjuvant,
1134 2055 1308 2140 cujusmodi
1332 2057 1405 2121 sunt

167 2161 336 2245 Capellani,
359 2161 537 2238 aParochis
558 2161 749 2245 stipendiati,
774 2162 896 2228 etiamsi
907 2153 1136 2228 constituantur
1154 2161 1187 2254 in
1207 2159 1311 2246 aliqua
1334 2178 1403 2224 suc·

169 2257 283 2330 cursali
303 2265 454 2342 ecolesia3
476 2265 524 2330 vel
547 2265 760 2350 suffraganei,
794 2267 823 2331 si
851 2265 888 2331 de
910 2265 1067 2348 Episcopis
1091 2267 1224 2350 agatur,
1252 2265 1306 2348 qui
1336 2264 1404 2329 dari

167 2370 269 2435 solent
289 2389 348 2433 non
368 2369 489 2452 populo,
513 2369 567 2434 sed
588 2371 756 2454 Episcopo,
780 2372 816 2436 ut
839 2391 907 2435 eum
942 2370 1127 2453 coadjuvant
1157 2371 1191 2434 to
1208 2369 1403 2460 pontificali·

164 2475 221 2539 has
242 2479 370 2539 motam.
395 2473 617 2557 Rigantiusin
641 2475 716 2559 Reg.
737 2474 761 2540 1.
787 2475 906 2542 Cancel.
932 2475 964 2558 §.¹
985 2476 1013 2540 7.
1040 2494 1068 2540 n.
1091 2474 1141 2540 87.
1167 2475 1198 2538 et
1214 2473 1264 2538 81.
1287 2473 1404 2554 Quarto

164 2577 227 2656 illi,
253 2576 305 2660 qui
337 2578 459 2641 tantum
491 2596 526 2640 ex
558 2567 715 2643 charitate
740 2582 934 2644 sacramanta
964 2578 1198 2656 administrant,
1231 2577 1402 2662 cujusmodi
1432 2570 1435 2573 ’

164 2683 239 2748 suut
260 2679 386 2764 quidam
410 2679 589 2745 Sacerdotes
609 2682 791 2766 Regulares,
815 2684 862 2747 vel
889 2683 983 2747 etiam
1009 2682 1196 2764 Saeculares,
1220 2684 1283 2768 qui,
1296 2681 1404 2748 diebus
1512 2719 1515 2724 -

97 2859 103 2872 s
164 2787 274 2852 saltem
296 2785 395 2863 festis,
418 2783 570 2848 assistunt
588 2785 681 2849 alicui
701 2785 858 2868 paroeciae
882 2785 1064 2850 derelictae:
1089 2785 1128 2850 ad
1150 2805 1242 2870 quern
1264 2785 1401 2851 ordinem
1424 2788 1428 2800 '

148 2889 271 2954 ‘referri
294 2887 421 2972 possunt
434 2884 633 2966 Missionarii,
658 2888 721 2972 qui,
740 2887 977 2954 commendabili
992 2889 1210 2972 generositate,
1236 2889 1268 2953 in
1280 2889 1403 2972 longiu-

164 3013 241 3084 quas
263 2993 402 3078 regiones
426 2993 603 3078 emigrant,
628 2992 677 3058 vel
707 2991 928 3070 adserendam
953 2991 1070 3059 Christi
1094 2991 1264 3064 Servatoris
1299 2993 1402 3070 fidem,

164 3097 275 3190 velyad
298 3097 456 3163 colendam
473 3097 610 3162 eanrrlem
627 3095 763 3162 fidemin
787 3097 965 3162 christianis
980 3079 1115 3180 populis,
1132 3096 1164 3161 in
1188 3096 1299 3179 quibus
1324 3116 1402 3161 nun-

163 3221 258 3285 quam
279 3202 439 3284 paroeciae
457 3200 601 3266 canonice
624 3203 743 3267 erectae
764 3203 856 3280 sunt;
878 3201 928 3268 v'el
949 3201 1042 3266 etiam
1059 3201 1108 3266 illi
1131 3201 1247 3267 Viearii
1269 3201 1402 3285 Aposto-

163 3305 227 3396 lici,
250 3305 331 3369 inter
353 3305 573 3384 Missionarios,
599 3305 652 3388 qui
674 3306 706 3370 in
724 3305 846 3370 easdem
870 3305 1009 3389 regiones
1031 3305 1267 3392 proficiscuntur
1290 3305 1322 3370 in
1335 3306 1403 3389 qui·

164 3409 222 3472 hus
248 3427 402 3490 nunquam
426 3412 528 3473 erecta
547 3409 608 3474 fuit
631 3404 811 3519 episcopalis
832 3409 953 3475 sedes
974 3409 1016 3478 Hi
1047 3428 1151 3474 omnes
1181 3409 1243 3474 dici
1265 3411 1403 3492 possunt,

117 3535 122 3540 ·
163 3511 276 3594 quibas
300 3513 579 3577 corporearum
612 3511 778 3578 commisso
801 3513 871 3579 stt<
921 3513 1035 3578 Verum
1068 3513 1205 3578 ostendit
1233 3512 1400 3577 Canonista

164 3615 264 3690 idern,
288 3615 409 3694 tantum
432 3615 502 3681 illos
533 3617 589 3680 sub
611 3615 793 3681 ‘tridentina
826 3616 895 3701 lege
928 3616 1164 3701 comprehendi,
1188 3616 1241 3700 qui
1264 3616 1303 3681 ad
1328 3616 1428 3698 duos!

164 3717 281 3802 priores
302 3718 423 3806 ordines
446 3707 628 3785 referuntur.

268 3857 393 3923 Hoc-ut
414 3859 559 3941 probaret
582 3858 749 3941 praemisso
770 3857 927 3941 principio,
951 3876 1011 3941 quo
1030 3858 1116 3923 nulla
1140 3857 1290 3943 obligatio
1311 3858 1403 3924 debet

164 3960 248 4024 ultra
269 3961 387 4026 claram
409 3961 609 4046 obligationis
632 3961 819 4027 senteutiam
842 3961 984 4040 extendi,
1019 3961 1052 4026 in
1080 3981 1206 4028 examen
1235 3962 1401 4028 revocabat

164 4062 380 4130 Tridentinum
405 4067 579 4146 Decretum,
603 4067 771 4132 secundum
800 4067 880 4150 quod
910 4051 957 4131 illi
981 4068 1106 4133 tantum
1134 4068 1316 4136 aamercort
1338 4067 1403 4133 Po-

162 4173 262 4232 stores
283 4175 425 4236 teneotm
454 4171 524 4255 jure
557 4172 663 4240 diotae
698 4171 737 4236 ad
757 4170 943 4236 sacrificium
977 4191 1031 4256 pro
1069 4172 1180 4256 populo
1215 4171 1403 4238 offerendum

164 4271 218 4354 (-
242 4272 365 4338 oetam
395 4273 536 4340 dictarem
560 4275 832 4357 praedicandum,
856 4279 1051 4341 sacramanta
1081 4274 1325 4346 administranda
1345 4275 1401 4358 -)

162 4372 216 4457 qui
238 4393 257 4438 a
280 4373 416 4440 Concilio
439 4376 470 4440 in
493 4377 599 4442 eodem
615 4377 716 4460 capite
740 4376 916 4462 obliquatur
938 4379 1202 4444 odrestdendcm.
1249 4377 1310 4462 Qui
1332 4366 1428 4445 roro

163 4475 236 4555 sint,
259 4478 312 4560 qui
335 4478 367 4544 in
390 4499 424 4544 eo
448 4479 547 4562 capita
571 4478 609 4545 ad
640 4480 841 4547 residentiam
860 4483 1074 4566 obligentur,
1109 4482 1286 4547 iudicantur
1317 4482 1402 4547 hisce

164 4581 284 4647 uerbis:
332 4585 360 4650 1.
386 4587 499 4649 Omnes
523 4583 793 4668 patriarchalibus,
817 4586 1061 4670 primatialibus,
1089 4585 1333 4670 metropolitanis
1366 4605 1402 4655 ac
