<?xml version="1.0" encoding="UTF-8"?>
<!DOCTYPE html PUBLIC "-//W3C//DTD XHTML 1.0 Transitional//EN"
    "http://www.w3.org/TR/xhtml1/DTD/xhtml1-transitional.dtd">
<html xmlns="http://www.w3.org/1999/xhtml" xml:lang="en" lang="en">
 <head>
  <title>
</title>
<meta http-equiv="Content-Type" content="text/html;charset=utf-8" />
  <meta name='ocr-system' content='tesseract 3.04.00' />
  <meta name='ocr-capabilities' content='ocr_page ocr_carea ocr_par ocr_line ocrx_word'/>
</head>
<body>
  <div class='ocr_page' id='page_1' title='image "./archivfrkatholi13unkngoog_0376.png"; bbox 0 0 3120 4956; ppageno 0'>
   <div class='ocr_carea' id='block_1_1' title="bbox 123 225 1363 341">
    <p class='ocr_par' dir='ltr' id='par_1_1' title="bbox 123 225 1363 341">
     <span class='ocr_line' id='line_1_1' title="bbox 123 225 1363 341; baseline -0.004 -14"><span class='ocrx_word' id='word_1_1' title='bbox 123 251 131 266; x_wconf 47' lang='lat'>⁸</span> <span class='ocrx_word' id='word_1_2' title='bbox 160 257 214 327; x_wconf 68' lang='lat' dir='ltr'>Pu</span> <span class='ocrx_word' id='word_1_3' title='bbox 231 261 290 325; x_wconf 85' lang='lat' dir='ltr'>PP.</span> <span class='ocrx_word' id='word_1_4' title='bbox 309 247 714 341; x_wconf 60' lang='lat' dir='ltr'>tabescentesque</span> <span class='ocrx_word' id='word_1_5' title='bbox 734 269 761 324; x_wconf 87' lang='lat' dir='ltr'>d.</span> <span class='ocrx_word' id='word_1_6' title='bbox 781 242 827 322; x_wconf 69' lang='grc'>24.</span> <span class='ocrx_word' id='word_1_7' title='bbox 847 243 917 324; x_wconf 70' lang='grc' dir='ltr'>ὐεσ.</span> <span class='ocrx_word' id='word_1_8' title='bbox 933 245 1016 338; x_wconf 60' lang='grc'><em>1374.</em></span> <span class='ocrx_word' id='word_1_9' title='bbox 1035 260 1143 338; x_wconf 82' lang='lat' dir='ltr'>(Jubil.</span> <span class='ocrx_word' id='word_1_10' title='bbox 1161 270 1259 338; x_wconf 77' lang='lat' dir='ltr'>uuio.)</span> <span class='ocrx_word' id='word_1_11' title='bbox 1299 225 1363 314; x_wconf 68' lang='lat'>371⁴</span> 
     </span>
    </p>
   </div>
   <div class='ocr_carea' id='block_1_2' title="bbox 16 419 1547 4068">
    <p class='ocr_par' dir='ltr' id='par_1_2' title="bbox 29 419 1547 1680">
     <span class='ocr_line' id='line_1_2' title="bbox 119 419 1363 527; baseline 0.002 -19"><span class='ocrx_word' id='word_1_12' title='bbox 119 445 275 510; x_wconf 91' lang='lat' dir='ltr'>Nostrum</span> <span class='ocrx_word' id='word_1_13' title='bbox 298 444 514 522; x_wconf 87' lang='lat' dir='ltr'>convertimus,</span> <span class='ocrx_word' id='word_1_14' title='bbox 537 462 701 527; x_wconf 89' lang='lat' dir='ltr'>omnesque</span> <span class='ocrx_word' id='word_1_15' title='bbox 730 444 762 507; x_wconf 91' lang='lat' dir='ltr'>et</span> <span class='ocrx_word' id='word_1_16' title='bbox 792 441 931 526; x_wconf 86' lang='lat' dir='ltr'>singulos</span> <span class='ocrx_word' id='word_1_17' title='bbox 957 419 1084 526; x_wconf 80' lang='lat' dir='ltr'>paterno</span> <span class='ocrx_word' id='word_1_18' title='bbox 1114 445 1227 510; x_wconf 80' lang='lat' dir='ltr'>affectu</span> <span class='ocrx_word' id='word_1_19' title='bbox 1260 444 1363 511; x_wconf 91' lang='lat' dir='ltr'>cobor-</span> 
     </span>
     <span class='ocr_line' id='line_1_3' title="bbox 121 546 1367 630; baseline 0.003 -18"><span class='ocrx_word' id='word_1_20' title='bbox 121 551 250 626; x_wconf 84' lang='lat' dir='ltr'>tamur,</span> <span class='ocrx_word' id='word_1_21' title='bbox 284 549 321 614; x_wconf 93' lang='lat' dir='ltr'>ut</span> <span class='ocrx_word' id='word_1_22' title='bbox 350 549 409 614; x_wconf 87' lang='lat' dir='ltr'>beo</span> <span class='ocrx_word' id='word_1_23' title='bbox 428 547 451 616; x_wconf 84' lang='lat' dir='ltr'>J</span> <span class='ocrx_word' id='word_1_24' title='bbox 454 547 568 614; x_wconf 88' lang='lat' dir='ltr'>ubilaei</span> <span class='ocrx_word' id='word_1_25' title='bbox 597 549 705 613; x_wconf 89' lang='lat' dir='ltr'>veniae</span> <span class='ocrx_word' id='word_1_26' title='bbox 724 546 933 630; x_wconf 79' lang='lat' dir='ltr'>assequendae</span> <span class='ocrx_word' id='word_1_27' title='bbox 956 549 1113 614; x_wconf 77' lang='lat' dir='ltr'>occasione</span> <span class='ocrx_word' id='word_1_28' title='bbox 1145 550 1192 616; x_wconf 89' lang='lat' dir='ltr'>ita</span> <span class='ocrx_word' id='word_1_29' title='bbox 1224 550 1367 630; x_wconf 85' lang='lat' dir='ltr'>utamini,</span> 
     </span>
     <span class='ocr_line' id='line_1_4' title="bbox 120 649 1366 740; baseline 0.002 -22"><span class='ocrx_word' id='word_1_30' title='bbox 120 651 385 736; x_wconf 85' lang='lat' dir='ltr'>quemadmodum</span> <span class='ocrx_word' id='word_1_31' title='bbox 409 652 562 718; x_wconf 89' lang='lat' dir='ltr'>sincerum</span> <span class='ocrx_word' id='word_1_32' title='bbox 593 649 705 718; x_wconf 89' lang='lat' dir='ltr'>salutis</span> <span class='ocrx_word' id='word_1_33' title='bbox 727 653 848 716; x_wconf 87' lang='lat' dir='ltr'>vestrae</span> <span class='ocrx_word' id='word_1_34' title='bbox 882 650 1020 716; x_wconf 89' lang='lat' dir='ltr'>studium</span> <span class='ocrx_word' id='word_1_35' title='bbox 1055 671 1074 716; x_wconf 92' lang='lat' dir='ltr'>a</span> <span class='ocrx_word' id='word_1_36' title='bbox 1106 653 1192 719; x_wconf 88' lang='lat' dir='ltr'>vobis</span> <span class='ocrx_word' id='word_1_37' title='bbox 1221 655 1366 740; x_wconf 86' lang='lat' dir='ltr'>exposcit.</span> 
     </span>
     <span class='ocr_line' id='line_1_5' title="bbox 121 752 1366 840; baseline 0.002 -18"><span class='ocrx_word' id='word_1_38' title='bbox 121 756 158 822; x_wconf 85' lang='lat' dir='ltr'>Si</span> <span class='ocrx_word' id='word_1_39' title='bbox 177 775 334 840; x_wconf 85' lang='lat' dir='ltr'>uunquam</span> <span class='ocrx_word' id='word_1_40' title='bbox 356 756 432 822; x_wconf 88' lang='lat' dir='ltr'>alias</span> <span class='ocrx_word' id='word_1_41' title='bbox 455 765 536 821; x_wconf 86' lang='lat' dir='ltr'>nunc</span> <span class='ocrx_word' id='word_1_42' title='bbox 558 758 641 822; x_wconf 89' lang='lat' dir='ltr'>certe</span> <span class='ocrx_word' id='word_1_43' title='bbox 662 752 925 840; x_wconf 87' lang='lat' dir='ltr'>pernecessarium</span> <span class='ocrx_word' id='word_1_44' title='bbox 957 758 1024 834; x_wconf 89' lang='lat' dir='ltr'>est,</span> <span class='ocrx_word' id='word_1_45' title='bbox 1057 756 1131 822; x_wconf 83' lang='lat' dir='ltr'>Filii</span> <span class='ocrx_word' id='word_1_46' title='bbox 1163 757 1366 839; x_wconf 83' lang='lat' dir='ltr'>dilectissimi,</span> 
     </span>
     <span class='ocr_line' id='line_1_6' title="bbox 120 860 1366 943; baseline 0.002 -18"><span class='ocrx_word' id='word_1_47' title='bbox 120 860 345 926; x_wconf 84' lang='lat' dir='ltr'>conscientiam</span> <span class='ocrx_word' id='word_1_48' title='bbox 375 861 541 934; x_wconf 87' lang='lat' dir='ltr'>emundare</span> <span class='ocrx_word' id='word_1_49' title='bbox 571 860 609 925; x_wconf 91' lang='lat' dir='ltr'>ab</span> <span class='ocrx_word' id='word_1_50' title='bbox 645 860 787 943; x_wconf 88' lang='lat' dir='ltr'>operibus</span> <span class='ocrx_word' id='word_1_51' title='bbox 819 860 973 938; x_wconf 78' lang='lat' dir='ltr'>mortuis,</span> <span class='ocrx_word' id='word_1_52' title='bbox 1009 860 1182 926; x_wconf 88' lang='lat' dir='ltr'>sacrificare</span> <span class='ocrx_word' id='word_1_53' title='bbox 1214 863 1366 928; x_wconf 87' lang='lat' dir='ltr'>sacrificia</span> 
     </span>
     <span class='ocr_line' id='line_1_7' title="bbox 116 964 1366 1048; baseline 0.003 -20"><span class='ocrx_word' id='word_1_54' title='bbox 116 965 275 1048; x_wconf 87' lang='lat' dir='ltr'>justitiae,</span> <span class='ocrx_word' id='word_1_55' title='bbox 297 965 399 1030; x_wconf 85' lang='lat' dir='ltr'>facere</span> <span class='ocrx_word' id='word_1_56' title='bbox 422 965 542 1030; x_wconf 79' lang='lat' dir='ltr'>fructum</span> <span class='ocrx_word' id='word_1_57' title='bbox 562 964 672 1048; x_wconf 86' lang='lat' dir='ltr'>dignos</span> <span class='ocrx_word' id='word_1_58' title='bbox 691 965 920 1048; x_wconf 90' lang='lat' dir='ltr'>poenitentiae,</span> <span class='ocrx_word' id='word_1_59' title='bbox 944 965 975 1030; x_wconf 90' lang='lat' dir='ltr'>et</span> <span class='ocrx_word' id='word_1_60' title='bbox 999 964 1150 1031; x_wconf 88' lang='lat' dir='ltr'>seminare</span> <span class='ocrx_word' id='word_1_61' title='bbox 1173 967 1204 1030; x_wconf 92' lang='lat' dir='ltr'>iu</span> <span class='ocrx_word' id='word_1_62' title='bbox 1227 967 1366 1032; x_wconf 83' lang='lat' dir='ltr'>lacrimis</span> 
     </span>
     <span class='ocr_line' id='line_1_8' title="bbox 119 1067 1367 1156; baseline 0.003 -24"><span class='ocrx_word' id='word_1_63' title='bbox 119 1071 159 1132; x_wconf 90' lang='lat' dir='ltr'>ut</span> <span class='ocrx_word' id='word_1_64' title='bbox 179 1087 250 1134; x_wconf 90' lang='lat' dir='ltr'>cum</span> <span class='ocrx_word' id='word_1_65' title='bbox 271 1069 459 1135; x_wconf 90' lang='lat' dir='ltr'>exultatione</span> <span class='ocrx_word' id='word_1_66' title='bbox 483 1070 647 1134; x_wconf 87' lang='lat' dir='ltr'>metamus.</span> <span class='ocrx_word' id='word_1_67' title='bbox 693 1067 776 1134; x_wconf 86' lang='lat' dir='ltr'>Satis</span> <span class='ocrx_word' id='word_1_68' title='bbox 799 1068 902 1134; x_wconf 89' lang='lat' dir='ltr'>innuit</span> <span class='ocrx_word' id='word_1_69' title='bbox 923 1068 1027 1134; x_wconf 89' lang='lat' dir='ltr'>divina</span> <span class='ocrx_word' id='word_1_70' title='bbox 1050 1069 1219 1153; x_wconf 85' lang='lat' dir='ltr'>Majestas,</span> <span class='ocrx_word' id='word_1_71' title='bbox 1251 1072 1324 1156; x_wconf 90' lang='lat' dir='ltr'>quid</span> <span class='ocrx_word' id='word_1_72' title='bbox 1348 1091 1367 1136; x_wconf 91' lang='lat' dir='ltr'>a</span> 
     </span>
     <span class='ocr_line' id='line_1_9' title="bbox 121 1171 1365 1258; baseline 0.002 -20"><span class='ocrx_word' id='word_1_73' title='bbox 121 1173 211 1238; x_wconf 91' lang='lat' dir='ltr'>nobis</span> <span class='ocrx_word' id='word_1_74' title='bbox 232 1172 379 1256; x_wconf 74' lang='lat' dir='ltr'>postulet,</span> <span class='ocrx_word' id='word_1_75' title='bbox 403 1192 472 1238; x_wconf 86' lang='lat' dir='ltr'>cum</span> <span class='ocrx_word' id='word_1_76' title='bbox 494 1172 614 1257; x_wconf 86' lang='lat' dir='ltr'>jamdiu</span> <span class='ocrx_word' id='word_1_77' title='bbox 638 1173 676 1238; x_wconf 93' lang='lat' dir='ltr'>ob</span> <span class='ocrx_word' id='word_1_78' title='bbox 698 1171 886 1256; x_wconf 77' lang='lat' dir='ltr'>pravitatem</span> <span class='ocrx_word' id='word_1_79' title='bbox 909 1175 1046 1238; x_wconf 91' lang='lat' dir='ltr'>nostram</span> <span class='ocrx_word' id='word_1_80' title='bbox 1066 1174 1122 1238; x_wconf 91' lang='lat' dir='ltr'>sub</span> <span class='ocrx_word' id='word_1_81' title='bbox 1156 1175 1365 1258; x_wconf 80' lang='lat' dir='ltr'>increpatione</span> 
     </span>
     <span class='ocr_line' id='line_1_10' title="bbox 119 1267 1368 1362; baseline 0.002 -20"><span class='ocrx_word' id='word_1_82' title='bbox 119 1278 200 1362; x_wconf 89' lang='lat' dir='ltr'>ejus,</span> <span class='ocrx_word' id='word_1_83' title='bbox 223 1279 280 1342; x_wconf 89' lang='lat' dir='ltr'>sub</span> <span class='ocrx_word' id='word_1_84' title='bbox 303 1277 504 1361; x_wconf 89' lang='lat' dir='ltr'>inspiratione</span> <span class='ocrx_word' id='word_1_85' title='bbox 517 1277 651 1361; x_wconf 41' lang='lat' dir='ltr'>,spiritus</span> <span class='ocrx_word' id='word_1_86' title='bbox 682 1277 746 1341; x_wconf 91' lang='lat' dir='ltr'>irae</span> <span class='ocrx_word' id='word_1_87' title='bbox 778 1267 856 1342; x_wconf 85' lang='lat' dir='ltr'>suae</span> <span class='ocrx_word' id='word_1_88' title='bbox 882 1277 1072 1357; x_wconf 87' lang='lat' dir='ltr'>laboremus,</span> <span class='ocrx_word' id='word_1_89' title='bbox 1102 1278 1240 1362; x_wconf 89' lang='lat' dir='ltr'>jamvero</span> <span class='ocrx_word' id='word_1_90' title='bbox 1270 1279 1368 1346; x_wconf 78' lang='lat' dir='ltr'>soluat</span> 
     </span>
     <span class='ocr_line' id='line_1_11' title="bbox 29 1381 1368 1464; baseline 0.001 -18"><span class='ocrx_word' id='word_1_91' title='bbox 29 1422 33 1427; x_wconf 92' lang='lat'><em>-</em></span> <span class='ocrx_word' id='word_1_92' title='bbox 121 1383 285 1459; x_wconf 75' lang='lat' dir='ltr'>homiues,</span> <span class='ocrx_word' id='word_1_93' title='bbox 309 1385 557 1464; x_wconf 80' lang='lat' dir='ltr'>quotiescumque</span> <span class='ocrx_word' id='word_1_94' title='bbox 581 1383 793 1446; x_wconf 79' lang='lat' dir='ltr'>uecessitutem</span> <span class='ocrx_word' id='word_1_95' title='bbox 821 1381 958 1446; x_wconf 84' lang='lat' dir='ltr'>arduom</span> <span class='ocrx_word' id='word_1_96' title='bbox 979 1383 1076 1447; x_wconf 76' lang='lat' dir='ltr'>aunis</span> <span class='ocrx_word' id='word_1_97' title='bbox 1107 1385 1292 1464; x_wconf 79' lang='lat' dir='ltr'>potiuutur,</span> <span class='ocrx_word' id='word_1_98' title='bbox 1324 1383 1368 1448; x_wconf 87' lang='lat' dir='ltr'>od</span> 
     </span>
     <span class='ocr_line' id='line_1_12' title="bbox 116 1485 1365 1569; baseline 0.001 -19"><span class='ocrx_word' id='word_1_99' title='bbox 116 1488 287 1567; x_wconf 75' lang='lat' dir='ltr'>proruimus</span> <span class='ocrx_word' id='word_1_100' title='bbox 304 1492 409 1569; x_wconf 75' lang='lat' dir='ltr'>peotes</span> <span class='ocrx_word' id='word_1_101' title='bbox 430 1486 547 1550; x_wconf 80' lang='lat' dir='ltr'>cuuilc‘u&#39;</span> <span class='ocrx_word' id='word_1_102' title='bbox 570 1505 667 1550; x_wconf 85' lang='lat' dir='ltr'>ceusu</span> <span class='ocrx_word' id='word_1_103' title='bbox 689 1485 847 1550; x_wconf 84' lang='lat' dir='ltr'>destiucre</span> <span class='ocrx_word' id='word_1_104' title='bbox 868 1485 993 1567; x_wconf 71' lang='lat' dir='ltr'>tepctosl</span> <span class='ocrx_word' id='word_1_105' title='bbox 1022 1487 1107 1552; x_wconf 52' lang='lat' dir='ltr'>‘Nos</span> <span class='ocrx_word' id='word_1_106' title='bbox 1129 1489 1211 1568; x_wconf 84' lang='lat' dir='ltr'>quod</span> <span class='ocrx_word' id='word_1_107' title='bbox 1235 1494 1280 1553; x_wconf 85' lang='lat' dir='ltr'>est</span> <span class='ocrx_word' id='word_1_108' title='bbox 1302 1508 1365 1552; x_wconf 85' lang='lat' dir='ltr'>uue-</span> 
     </span>
     <span class='ocr_line' id='line_1_13' title="bbox 121 1586 1547 1680; baseline -0.001 -25"><span class='ocrx_word' id='word_1_109' title='bbox 121 1591 185 1656; x_wconf 85' lang='lat' dir='ltr'>tius</span> <span class='ocrx_word' id='word_1_110' title='bbox 208 1590 391 1673; x_wconf 75' lang='lat' dir='ltr'>tepoticuem</span> <span class='ocrx_word' id='word_1_111' title='bbox 415 1588 458 1680; x_wconf 81' lang='lat' dir='ltr'>od</span> <span class='ocrx_word' id='word_1_112' title='bbox 481 1586 584 1653; x_wconf 87' lang='lat' dir='ltr'>Deum</span> <span class='ocrx_word' id='word_1_113' title='bbox 608 1588 815 1669; x_wconf 53' lang='lat' dir='ltr'>destinaturum</span> <span class='ocrx_word' id='word_1_114' title='bbox 845 1588 883 1652; x_wconf 88' lang='lat' dir='ltr'>ab</span> <span class='ocrx_word' id='word_1_115' title='bbox 904 1587 980 1670; x_wconf 82' lang='lat' dir='ltr'>Ipso</span> <span class='ocrx_word' id='word_1_116' title='bbox 1005 1588 1205 1672; x_wconf 87' lang='lat' dir='ltr'>imploremus</span> <span class='ocrx_word' id='word_1_117' title='bbox 1239 1589 1366 1666; x_wconf 81' lang='lat' dir='ltr'>auxilia,</span> <span class='ocrx_word' id='word_1_118' title='bbox 1546 1653 1547 1680; x_wconf 22' lang='grc' dir='ltr'>ἦ</span> 
     </span>
    </p>

    <p class='ocr_par' dir='ltr' id='par_1_3' title="bbox 100 1685 1547 3339">
     <span class='ocr_line' id='line_1_14' title="bbox 100 1685 1547 1778; baseline -0.001 -19"><span class='ocrx_word' id='word_1_119' title='bbox 100 1685 162 1760; x_wconf 68' lang='lat' dir='ltr'>&#39;ad</span> <span class='ocrx_word' id='word_1_120' title='bbox 185 1695 292 1778; x_wconf 88' lang='lat' dir='ltr'>Ipsum</span> <span class='ocrx_word' id='word_1_121' title='bbox 317 1711 371 1758; x_wconf 90' lang='lat' dir='ltr'>nos</span> <span class='ocrx_word' id='word_1_122' title='bbox 392 1691 493 1769; x_wconf 88' lang='lat' dir='ltr'>corde,</span> <span class='ocrx_word' id='word_1_123' title='bbox 516 1691 716 1770; x_wconf 88' lang='lat' dir='ltr'>orationibus,</span> <span class='ocrx_word' id='word_1_124' title='bbox 737 1691 864 1774; x_wconf 88' lang='lat' dir='ltr'>jejuniis</span> <span class='ocrx_word' id='word_1_125' title='bbox 887 1693 924 1756; x_wconf 91' lang='lat' dir='ltr'>et·</span> <span class='ocrx_word' id='word_1_126' title='bbox 942 1692 1145 1778; x_wconf 87' lang='lat' dir='ltr'>eleemosynis</span> <span class='ocrx_word' id='word_1_127' title='bbox 1168 1695 1365 1760; x_wconf 86' lang='lat' dir='ltr'>conferamus</span> <span class='ocrx_word' id='word_1_128' title='bbox 1546 1689 1547 1702; x_wconf 56' lang='lat'>¹</span> 
     </span>
     <span class='ocr_line' id='line_1_15' title="bbox 122 1779 1444 1880; baseline 0.002 -17"><span class='ocrx_word' id='word_1_129' title='bbox 122 1800 208 1863; x_wconf 90' lang='lat' dir='ltr'>Nam</span> <span class='ocrx_word' id='word_1_130' title='bbox 231 1803 346 1880; x_wconf 87' lang='lat' dir='ltr'>quouto</span> <span class='ocrx_word' id='word_1_131' title='bbox 369 1795 438 1862; x_wconf 89' lang='lat' dir='ltr'>Deo</span> <span class='ocrx_word' id='word_1_132' title='bbox 460 1797 627 1861; x_wconf 75' lang='lat' dir='ltr'>viciniores</span> <span class='ocrx_word' id='word_1_133' title='bbox 646 1797 814 1877; x_wconf 78' lang='lat' dir='ltr'>fuerimus,</span> <span class='ocrx_word' id='word_1_134' title='bbox 838 1801 923 1861; x_wconf 85' lang='lat' dir='ltr'>teuto</span> <span class='ocrx_word' id='word_1_135' title='bbox 945 1791 1125 1863; x_wconf 74' lang='lat' dir='ltr'>aduersarii</span> <span class='ocrx_word' id='word_1_136' title='bbox 1145 1800 1247 1864; x_wconf 81' lang='lat' dir='ltr'>nostri</span> <span class='ocrx_word' id='word_1_137' title='bbox 1269 1799 1367 1864; x_wconf 88' lang='lat' dir='ltr'>aNo-</span> <span class='ocrx_word' id='word_1_138' title='bbox 1439 1779 1444 1790; x_wconf 25' lang='lat' dir='ltr'><strong><em>s</em></strong></span> 
     </span>
     <span class='ocr_line' id='line_1_16' title="bbox 122 1881 1368 1985; baseline 0.002 -19"><span class='ocrx_word' id='word_1_139' title='bbox 122 1903 171 1967; x_wconf 82' lang='lat' dir='ltr'>tis</span> <span class='ocrx_word' id='word_1_140' title='bbox 205 1903 328 1984; x_wconf 70' lang='lat' dir='ltr'>leucius</span> <span class='ocrx_word' id='word_1_141' title='bbox 355 1897 554 1982; x_wconf 82' lang='lat' dir='ltr'>repelteutur.</span> <span class='ocrx_word' id='word_1_142' title='bbox 601 1881 646 1983; x_wconf 57' lang='lat' dir='ltr'>(S.</span> <span class='ocrx_word' id='word_1_143' title='bbox 676 1899 831 1964; x_wconf 82' lang='lat' dir='ltr'>Maximus</span> <span class='ocrx_word' id='word_1_144' title='bbox 856 1899 1021 1966; x_wconf 84' lang='lat' dir='ltr'>Taurinen.</span> <span class='ocrx_word' id='word_1_145' title='bbox 1044 1901 1136 1966; x_wconf 90' lang='lat' dir='ltr'>Hom.</span> <span class='ocrx_word' id='word_1_146' title='bbox 1167 1885 1277 1985; x_wconf 62' lang='lat' dir='ltr'>m),</span> <span class='ocrx_word' id='word_1_147' title='bbox 1307 1900 1368 1969; x_wconf 86' lang='lat' dir='ltr'>Sed</span> 
     </span>
     <span class='ocr_line' id='line_1_17' title="bbox 124 1988 1367 2091; baseline 0.002 -20"><span class='ocrx_word' id='word_1_148' title='bbox 124 2026 179 2071; x_wconf 91' lang='lat' dir='ltr'>vos</span> <span class='ocrx_word' id='word_1_149' title='bbox 203 2005 365 2090; x_wconf 86' lang='lat' dir='ltr'>praecipue</span> <span class='ocrx_word' id='word_1_150' title='bbox 388 2005 495 2070; x_wconf 90' lang='lat' dir='ltr'>audite</span> <span class='ocrx_word' id='word_1_151' title='bbox 514 2004 727 2087; x_wconf 78' lang='lat' dir='ltr'>apostolicam</span> <span class='ocrx_word' id='word_1_152' title='bbox 751 2023 865 2082; x_wconf 87' lang='lat' dir='ltr'>vocem,</span> <span class='ocrx_word' id='word_1_153' title='bbox 889 2023 943 2087; x_wconf 88' lang='lat' dir='ltr'>pro</span> <span class='ocrx_word' id='word_1_154' title='bbox 965 2005 1087 2070; x_wconf 75' lang='lat' dir='ltr'>Christo</span> <span class='ocrx_word' id='word_1_155' title='bbox 1115 2007 1195 2071; x_wconf 90' lang='lat' dir='ltr'>euim</span> <span class='ocrx_word' id='word_1_156' title='bbox 1211 1988 1367 2091; x_wconf 83' lang='lat' dir='ltr'>legatione</span> 
     </span>
     <span class='ocr_line' id='line_1_18' title="bbox 125 2107 1367 2193; baseline 0.001 -19"><span class='ocrx_word' id='word_1_157' title='bbox 125 2109 306 2193; x_wconf 86' lang='lat' dir='ltr'>fungimur,</span> <span class='ocrx_word' id='word_1_158' title='bbox 330 2126 383 2173; x_wconf 93' lang='lat' dir='ltr'>vos</span> <span class='ocrx_word' id='word_1_159' title='bbox 403 2107 456 2191; x_wconf 92' lang='lat' dir='ltr'>qui</span> <span class='ocrx_word' id='word_1_160' title='bbox 473 2107 622 2173; x_wconf 88' lang='lat' dir='ltr'>laboratis</span> <span class='ocrx_word' id='word_1_161' title='bbox 645 2108 677 2171; x_wconf 89' lang='lat' dir='ltr'>et</span> <span class='ocrx_word' id='word_1_162' title='bbox 700 2107 819 2172; x_wconf 90' lang='lat' dir='ltr'>onerati</span> <span class='ocrx_word' id='word_1_163' title='bbox 839 2108 934 2186; x_wconf 90' lang='lat' dir='ltr'>estis,</span> <span class='ocrx_word' id='word_1_164' title='bbox 958 2111 990 2173; x_wconf 88' lang='lat' dir='ltr'>et</span> <span class='ocrx_word' id='word_1_165' title='bbox 1010 2127 1028 2172; x_wconf 84' lang='lat' dir='ltr'>a</span> <span class='ocrx_word' id='word_1_166' title='bbox 1050 2110 1162 2174; x_wconf 88' lang='lat' dir='ltr'>semita</span> <span class='ocrx_word' id='word_1_167' title='bbox 1184 2110 1294 2175; x_wconf 89' lang='lat' dir='ltr'>salutis</span> <span class='ocrx_word' id='word_1_168' title='bbox 1317 2131 1367 2176; x_wconf 90' lang='lat' dir='ltr'>er-</span> 
     </span>
     <span class='ocr_line' id='line_1_19' title="bbox 123 2209 1368 2307; baseline 0.002 -31"><span class='ocrx_word' id='word_1_169' title='bbox 123 2215 229 2278; x_wconf 87' lang='lat' dir='ltr'>rantes</span> <span class='ocrx_word' id='word_1_170' title='bbox 252 2213 308 2276; x_wconf 91' lang='lat' dir='ltr'>sub</span> <span class='ocrx_word' id='word_1_171' title='bbox 329 2212 410 2307; x_wconf 77' lang='lat' dir='ltr'>jugo</span> <span class='ocrx_word' id='word_1_172' title='bbox 427 2230 592 2295; x_wconf 88' lang='lat' dir='ltr'>pravarum</span> <span class='ocrx_word' id='word_1_173' title='bbox 614 2209 821 2293; x_wconf 87' lang='lat' dir='ltr'>cupiditatum</span> <span class='ocrx_word' id='word_1_174' title='bbox 844 2213 876 2276; x_wconf 93' lang='lat' dir='ltr'>et</span> <span class='ocrx_word' id='word_1_175' title='bbox 899 2211 1070 2278; x_wconf 86' lang='lat' dir='ltr'>diabolicae</span> <span class='ocrx_word' id='word_1_176' title='bbox 1102 2214 1263 2280; x_wconf 87' lang='lat' dir='ltr'>servitutis</span> <span class='ocrx_word' id='word_1_177' title='bbox 1281 2216 1368 2299; x_wconf 83' lang='lat' dir='ltr'>urgi-</span> 
     </span>
     <span class='ocr_line' id='line_1_20' title="bbox 122 2313 1368 2401; baseline 0.002 -20"><span class='ocrx_word' id='word_1_178' title='bbox 122 2315 209 2382; x_wconf 91' lang='lat' dir='ltr'>mini.</span> <span class='ocrx_word' id='word_1_179' title='bbox 254 2315 303 2380; x_wconf 91' lang='lat' dir='ltr'>Ne</span> <span class='ocrx_word' id='word_1_180' title='bbox 338 2335 392 2382; x_wconf 88' lang='lat' dir='ltr'>vos</span> <span class='ocrx_word' id='word_1_181' title='bbox 427 2313 553 2380; x_wconf 90' lang='lat' dir='ltr'>divitias</span> <span class='ocrx_word' id='word_1_182' title='bbox 576 2313 745 2392; x_wconf 87' lang='lat' dir='ltr'>bonitatis,</span> <span class='ocrx_word' id='word_1_183' title='bbox 779 2314 950 2397; x_wconf 88' lang='lat' dir='ltr'>patientiae</span> <span class='ocrx_word' id='word_1_184' title='bbox 974 2319 1006 2380; x_wconf 91' lang='lat' dir='ltr'>et</span> <span class='ocrx_word' id='word_1_185' title='bbox 1039 2316 1287 2401; x_wconf 82' lang='lat' dir='ltr'>longanimitatis</span> <span class='ocrx_word' id='word_1_186' title='bbox 1309 2319 1368 2384; x_wconf 92' lang='lat' dir='ltr'>Dei</span> 
     </span>
     <span class='ocr_line' id='line_1_21' title="bbox 123 2417 1367 2506; baseline 0.003 -22"><span class='ocrx_word' id='word_1_187' title='bbox 123 2420 355 2504; x_wconf 88' lang='lat' dir='ltr'>contemnatis;</span> <span class='ocrx_word' id='word_1_188' title='bbox 381 2422 413 2483; x_wconf 88' lang='lat' dir='ltr'>et</span> <span class='ocrx_word' id='word_1_189' title='bbox 436 2418 510 2502; x_wconf 88' lang='lat' dir='ltr'>dum</span> <span class='ocrx_word' id='word_1_190' title='bbox 535 2421 600 2495; x_wconf 85' lang='lat' dir='ltr'>tam</span> <span class='ocrx_word' id='word_1_191' title='bbox 622 2417 756 2502; x_wconf 79' lang='lat' dir='ltr'>ampla,</span> <span class='ocrx_word' id='word_1_192' title='bbox 780 2421 846 2484; x_wconf 89' lang='lat' dir='ltr'>tam</span> <span class='ocrx_word' id='word_1_193' title='bbox 877 2418 976 2484; x_wconf 87' lang='lat' dir='ltr'>facilis</span> <span class='ocrx_word' id='word_1_194' title='bbox 992 2493 995 2502; x_wconf 31' lang='lat'><strong>¹</strong></span> <span class='ocrx_word' id='word_1_195' title='bbox 1011 2421 1116 2486; x_wconf 88' lang='lat' dir='ltr'>veniae</span> <span class='ocrx_word' id='word_1_196' title='bbox 1138 2424 1367 2506; x_wconf 89' lang='lat' dir='ltr'>consequendae</span> 
     </span>
     <span class='ocr_line' id='line_1_22' title="bbox 123 2519 1365 2608; baseline 0.004 -20"><span class='ocrx_word' id='word_1_197' title='bbox 123 2524 210 2607; x_wconf 91' lang='lat' dir='ltr'>copia</span> <span class='ocrx_word' id='word_1_198' title='bbox 231 2529 359 2608; x_wconf 87' lang='lat' dir='ltr'>paratur</span> <span class='ocrx_word' id='word_1_199' title='bbox 376 2519 478 2601; x_wconf 73' lang='lat' dir='ltr'>bobis,</span> <span class='ocrx_word' id='word_1_200' title='bbox 502 2523 599 2588; x_wconf 91' lang='lat' dir='ltr'>nolito</span> <span class='ocrx_word' id='word_1_201' title='bbox 624 2522 817 2589; x_wconf 88' lang='lat' dir='ltr'>contumacia</span> <span class='ocrx_word' id='word_1_202' title='bbox 851 2525 956 2588; x_wconf 89' lang='lat' dir='ltr'>vostra</span> <span class='ocrx_word' id='word_1_203' title='bbox 985 2525 1209 2592; x_wconf 84' lang='lat' dir='ltr'>inexcusabiles</span> <span class='ocrx_word' id='word_1_204' title='bbox 1240 2546 1292 2594; x_wconf 88' lang='lat' dir='ltr'>vos</span> <span class='ocrx_word' id='word_1_205' title='bbox 1314 2528 1365 2593; x_wconf 89' lang='lat' dir='ltr'>fa·</span> 
     </span>
     <span class='ocr_line' id='line_1_23' title="bbox 123 2625 1363 2712; baseline 0.003 -19"><span class='ocrx_word' id='word_1_206' title='bbox 123 2647 189 2694; x_wconf 89' lang='lat' dir='ltr'>rece</span> <span class='ocrx_word' id='word_1_207' title='bbox 213 2629 294 2712; x_wconf 89' lang='lat' dir='ltr'>apud</span> <span class='ocrx_word' id='word_1_208' title='bbox 320 2627 467 2693; x_wconf 87' lang='lat' dir='ltr'>Divinum</span> <span class='ocrx_word' id='word_1_209' title='bbox 489 2625 645 2705; x_wconf 88' lang='lat' dir='ltr'>Judicem,</span> <span class='ocrx_word' id='word_1_210' title='bbox 668 2629 700 2692; x_wconf 89' lang='lat' dir='ltr'>et</span> <span class='ocrx_word' id='word_1_211' title='bbox 717 2627 929 2692; x_wconf 87' lang='lat' dir='ltr'>thesaurizare</span> <span class='ocrx_word' id='word_1_212' title='bbox 948 2628 1034 2693; x_wconf 92' lang='lat' dir='ltr'>vobis</span> <span class='ocrx_word' id='word_1_213' title='bbox 1057 2629 1136 2694; x_wconf 86' lang='lat' dir='ltr'>iram</span> <span class='ocrx_word' id='word_1_214' title='bbox 1169 2631 1202 2695; x_wconf 93' lang='lat' dir='ltr'>iu</span> <span class='ocrx_word' id='word_1_215' title='bbox 1225 2633 1274 2697; x_wconf 90' lang='lat' dir='ltr'>die</span> <span class='ocrx_word' id='word_1_216' title='bbox 1297 2633 1363 2697; x_wconf 88' lang='lat' dir='ltr'>irae</span> 
     </span>
     <span class='ocr_line' id='line_1_24' title="bbox 123 2730 1366 2817; baseline 0.004 -20"><span class='ocrx_word' id='word_1_217' title='bbox 123 2737 154 2798; x_wconf 92' lang='lat' dir='ltr'>et</span> <span class='ocrx_word' id='word_1_218' title='bbox 177 2733 373 2798; x_wconf 88' lang='lat' dir='ltr'>revelationis</span> <span class='ocrx_word' id='word_1_219' title='bbox 400 2732 479 2815; x_wconf 90' lang='lat' dir='ltr'>justi</span> <span class='ocrx_word' id='word_1_220' title='bbox 511 2730 623 2817; x_wconf 92' lang='lat' dir='ltr'>judicii</span> <span class='ocrx_word' id='word_1_221' title='bbox 646 2731 713 2795; x_wconf 91' lang='lat' dir='ltr'>Dei.</span> <span class='ocrx_word' id='word_1_222' title='bbox 757 2730 869 2794; x_wconf 84' lang='lat' dir='ltr'>Redite</span> <span class='ocrx_word' id='word_1_223' title='bbox 899 2731 1004 2814; x_wconf 86' lang='lat' dir='ltr'>itaque</span> <span class='ocrx_word' id='word_1_224' title='bbox 1036 2735 1297 2816; x_wconf 83' lang='lat' dir='ltr'>praevaricatores</span> <span class='ocrx_word' id='word_1_225' title='bbox 1327 2735 1366 2801; x_wconf 86' lang='lat' dir='ltr'>ad</span> 
     </span>
     <span class='ocr_line' id='line_1_25' title="bbox 124 2817 1366 2924; baseline 0.002 -21"><span class='ocrx_word' id='word_1_226' title='bbox 124 2857 184 2918; x_wconf 88' lang='lat' dir='ltr'>cor,</span> <span class='ocrx_word' id='word_1_227' title='bbox 207 2833 541 2914; x_wconf 88' lang='lat' dir='ltr'>reconciliaminiDeo;</span> <span class='ocrx_word' id='word_1_228' title='bbox 565 2835 700 2900; x_wconf 86' lang='lat' dir='ltr'>mundus</span> <span class='ocrx_word' id='word_1_229' title='bbox 719 2836 834 2899; x_wconf 87' lang='lat' dir='ltr'>transit</span> <span class='ocrx_word' id='word_1_230' title='bbox 859 2837 891 2900; x_wconf 91' lang='lat' dir='ltr'>et</span> <span class='ocrx_word' id='word_1_231' title='bbox 913 2817 1162 2918; x_wconf 77' lang='lat' dir='ltr'>concupiscentia</span> <span class='ocrx_word' id='word_1_232' title='bbox 1176 2839 1264 2923; x_wconf 81' lang='lat' dir='ltr'>ejus3</span> <span class='ocrx_word' id='word_1_233' title='bbox 1287 2841 1366 2924; x_wconf 86' lang='lat' dir='ltr'>abji-</span> 
     </span>
     <span class='ocr_line' id='line_1_26' title="bbox 124 2938 1367 3034; baseline 0.002 -27"><span class='ocrx_word' id='word_1_234' title='bbox 124 2942 184 3008; x_wconf 89' lang='lat' dir='ltr'>cite</span> <span class='ocrx_word' id='word_1_235' title='bbox 207 2960 299 3026; x_wconf 89' lang='lat' dir='ltr'>opera</span> <span class='ocrx_word' id='word_1_236' title='bbox 320 2942 538 3020; x_wconf 90' lang='lat' dir='ltr'>tenebrarum,</span> <span class='ocrx_word' id='word_1_237' title='bbox 570 2938 745 3034; x_wconf 19' lang='lat' dir='ltr'>induimini!</span> <span class='ocrx_word' id='word_1_238' title='bbox 758 2958 845 3004; x_wconf 87' lang='lat' dir='ltr'>arma</span> <span class='ocrx_word' id='word_1_239' title='bbox 881 2939 978 3019; x_wconf 92' lang='lat' dir='ltr'>lucis,</span> <span class='ocrx_word' id='word_1_240' title='bbox 998 2940 1149 3023; x_wconf 91' lang='lat' dir='ltr'>desinite,</span> <span class='ocrx_word' id='word_1_241' title='bbox 1174 2942 1278 3008; x_wconf 90' lang='lat' dir='ltr'>hostes</span> <span class='ocrx_word' id='word_1_242' title='bbox 1301 2963 1367 3010; x_wconf 88' lang='lat' dir='ltr'>esse</span> 
     </span>
     <span class='ocr_line' id='line_1_27' title="bbox 124 3042 1367 3126; baseline 0.001 -14"><span class='ocrx_word' id='word_1_243' title='bbox 124 3047 244 3112; x_wconf 81' lang='lat' dir='ltr'>animae</span> <span class='ocrx_word' id='word_1_244' title='bbox 265 3048 407 3125; x_wconf 83' lang='lat' dir='ltr'>vestrae,</span> <span class='ocrx_word' id='word_1_245' title='bbox 442 3046 478 3110; x_wconf 92' lang='lat' dir='ltr'>ut</span> <span class='ocrx_word' id='word_1_246' title='bbox 507 3046 535 3110; x_wconf 90' lang='lat' dir='ltr'>ei</span> <span class='ocrx_word' id='word_1_247' title='bbox 564 3044 690 3110; x_wconf 91' lang='lat' dir='ltr'>tandem</span> <span class='ocrx_word' id='word_1_248' title='bbox 713 3061 821 3126; x_wconf 86' lang='lat' dir='ltr'>pacem</span> <span class='ocrx_word' id='word_1_249' title='bbox 853 3042 886 3107; x_wconf 91' lang='lat' dir='ltr'>in</span> <span class='ocrx_word' id='word_1_250' title='bbox 908 3043 967 3109; x_wconf 89' lang='lat' dir='ltr'>hoc</span> <span class='ocrx_word' id='word_1_251' title='bbox 987 3045 1127 3124; x_wconf 87' lang='lat' dir='ltr'>saeculo,</span> <span class='ocrx_word' id='word_1_252' title='bbox 1158 3048 1190 3112; x_wconf 87' lang='lat' dir='ltr'>et</span> <span class='ocrx_word' id='word_1_253' title='bbox 1212 3047 1246 3111; x_wconf 93' lang='lat' dir='ltr'>in</span> <span class='ocrx_word' id='word_1_254' title='bbox 1269 3047 1367 3113; x_wconf 88' lang='lat' dir='ltr'>altero</span> 
     </span>
     <span class='ocr_line' id='line_1_28' title="bbox 123 3145 1484 3235; baseline 0.002 -20"><span class='ocrx_word' id='word_1_255' title='bbox 123 3152 248 3217; x_wconf 88' lang='lat' dir='ltr'>aeterna</span> <span class='ocrx_word' id='word_1_256' title='bbox 263 3151 419 3235; x_wconf 87' lang='lat' dir='ltr'>justorum</span> <span class='ocrx_word' id='word_1_257' title='bbox 438 3151 578 3234; x_wconf 89' lang='lat' dir='ltr'>praemia</span> <span class='ocrx_word' id='word_1_258' title='bbox 600 3147 781 3214; x_wconf 85' lang='lat' dir='ltr'>concilietis.</span> <span class='ocrx_word' id='word_1_259' title='bbox 826 3145 911 3212; x_wconf 87' lang='lat' dir='ltr'>Haeo</span> <span class='ocrx_word' id='word_1_260' title='bbox 930 3150 1005 3212; x_wconf 92' lang='lat' dir='ltr'>sunt</span> <span class='ocrx_word' id='word_1_261' title='bbox 1026 3149 1257 3224; x_wconf 72' lang='lat' dir='ltr'>votaNostra:</span> <span class='ocrx_word' id='word_1_262' title='bbox 1290 3152 1367 3218; x_wconf 88' lang='lat' dir='ltr'>haec</span> <span class='ocrx_word' id='word_1_263' title='bbox 1479 3150 1484 3165; x_wconf 75' lang='grc'><strong>“</strong></span> 
     </span>
     <span class='ocr_line' id='line_1_29' title="bbox 123 3251 1367 3339; baseline 0.002 -21"><span class='ocrx_word' id='word_1_264' title='bbox 123 3272 150 3318; x_wconf 81' lang='lat' dir='ltr'>a</span> <span class='ocrx_word' id='word_1_265' title='bbox 164 3251 413 3320; x_wconf 79' lang='lat' dir='ltr'>Clementissimo</span> <span class='ocrx_word' id='word_1_266' title='bbox 432 3255 565 3320; x_wconf 90' lang='lat' dir='ltr'>Domino</span> <span class='ocrx_word' id='word_1_267' title='bbox 585 3253 742 3337; x_wconf 89' lang='lat' dir='ltr'>postulare</span> <span class='ocrx_word' id='word_1_268' title='bbox 776 3271 836 3317; x_wconf 91' lang='lat' dir='ltr'>non</span> <span class='ocrx_word' id='word_1_269' title='bbox 859 3253 1068 3332; x_wconf 87' lang='lat' dir='ltr'>cessabimus;</span> <span class='ocrx_word' id='word_1_270' title='bbox 1099 3256 1192 3339; x_wconf 87' lang='lat' dir='ltr'>atque</span> <span class='ocrx_word' id='word_1_271' title='bbox 1226 3257 1367 3322; x_wconf 89' lang='lat' dir='ltr'>omnibus</span> 
     </span>
    </p>

    <p class='ocr_par' dir='ltr' id='par_1_4' title="bbox 16 3351 1368 3446">
     <span class='ocr_line' id='line_1_30' title="bbox 16 3351 1368 3446; baseline 0 -22"><span class='ocrx_word' id='word_1_272' title='bbox 16 3399 23 3414; x_wconf 52' lang='grc' dir='ltr'><em>ι</em></span> <span class='ocrx_word' id='word_1_273' title='bbox 124 3357 301 3424; x_wconf 80' lang='lat' dir='ltr'>Catholicae</span> <span class='ocrx_word' id='word_1_274' title='bbox 326 3358 482 3446; x_wconf 81' lang='lat' dir='ltr'>Ecclesiae</span> <span class='ocrx_word' id='word_1_275' title='bbox 505 3359 616 3436; x_wconf 83' lang='lat' dir='ltr'>Filiis,</span> <span class='ocrx_word' id='word_1_276' title='bbox 640 3358 699 3423; x_wconf 89' lang='lat' dir='ltr'>hac</span> <span class='ocrx_word' id='word_1_277' title='bbox 719 3375 844 3440; x_wconf 90' lang='lat' dir='ltr'>precum</span> <span class='ocrx_word' id='word_1_278' title='bbox 867 3357 1014 3423; x_wconf 89' lang='lat' dir='ltr'>societate</span> <span class='ocrx_word' id='word_1_279' title='bbox 1034 3357 1204 3425; x_wconf 86' lang='lat' dir='ltr'>Nobiscum</span> <span class='ocrx_word' id='word_1_280' title='bbox 1224 3351 1368 3443; x_wconf 85' lang='lat' dir='ltr'>coujunc-</span> 
     </span>
    </p>

    <p class='ocr_par' dir='ltr' id='par_1_5' title="bbox 89 3461 1364 3547">
     <span class='ocr_line' id='line_1_31' title="bbox 89 3461 1364 3547; baseline 0.002 -20"><span class='ocrx_word' id='word_1_281' title='bbox 89 3475 90 3482; x_wconf 75' lang='grc'>’</span> <span class='ocrx_word' id='word_1_282' title='bbox 124 3463 174 3541; x_wconf 89' lang='lat' dir='ltr'>tis,</span> <span class='ocrx_word' id='word_1_283' title='bbox 195 3463 272 3528; x_wconf 91' lang='lat' dir='ltr'>haec</span> <span class='ocrx_word' id='word_1_284' title='bbox 295 3464 362 3547; x_wconf 90' lang='lat' dir='ltr'>ipsa</span> <span class='ocrx_word' id='word_1_285' title='bbox 384 3464 464 3529; x_wconf 90' lang='lat' dir='ltr'>bona</span> <span class='ocrx_word' id='word_1_286' title='bbox 487 3482 506 3528; x_wconf 92' lang='lat' dir='ltr'>a</span> <span class='ocrx_word' id='word_1_287' title='bbox 525 3464 620 3528; x_wconf 88' lang='lat' dir='ltr'>Patre</span> <span class='ocrx_word' id='word_1_288' title='bbox 642 3461 924 3526; x_wconf 84' lang='lat' dir='ltr'>Misericordiarunv</span> <span class='ocrx_word' id='word_1_289' title='bbox 946 3461 1011 3526; x_wconf 89' lang='lat' dir='ltr'>Nos</span> <span class='ocrx_word' id='word_1_290' title='bbox 1033 3463 1188 3528; x_wconf 89' lang='lat' dir='ltr'>cumulate</span> <span class='ocrx_word' id='word_1_291' title='bbox 1206 3468 1364 3530; x_wconf 88' lang='lat' dir='ltr'>assecutu-</span> 
     </span>
    </p>

    <p class='ocr_par' dir='ltr' id='par_1_6' title="bbox 95 3565 1365 4068">
     <span class='ocr_line' id='line_1_32' title="bbox 95 3565 1362 3654; baseline 0.002 -25"><span class='ocrx_word' id='word_1_292' title='bbox 95 3587 99 3594; x_wconf 67' lang='grc'><em>’</em></span> <span class='ocrx_word' id='word_1_293' title='bbox 124 3585 172 3631; x_wconf 90' lang='lat' dir='ltr'>ros</span> <span class='ocrx_word' id='word_1_294' title='bbox 191 3586 258 3639; x_wconf 82' lang='lat' dir='ltr'>esse</span> <span class='ocrx_word' id='word_1_295' title='bbox 283 3567 475 3634; x_wconf 89' lang='lat' dir='ltr'>confidimus.</span> <span class='ocrx_word' id='word_1_296' title='bbox 521 3566 572 3632; x_wconf 85' lang='lat' dir='ltr'>Ad</span> <span class='ocrx_word' id='word_1_297' title='bbox 591 3567 729 3632; x_wconf 88' lang='lat' dir='ltr'>faustum</span> <span class='ocrx_word' id='word_1_298' title='bbox 752 3565 872 3630; x_wconf 90' lang='lat' dir='ltr'>interea</span> <span class='ocrx_word' id='word_1_299' title='bbox 894 3568 926 3630; x_wconf 89' lang='lat' dir='ltr'>et</span> <span class='ocrx_word' id='word_1_300' title='bbox 949 3567 1119 3632; x_wconf 89' lang='lat' dir='ltr'>salutarem</span> <span class='ocrx_word' id='word_1_301' title='bbox 1146 3567 1239 3654; x_wconf 72' lang='lat' dir='ltr'>hujrrs</span> <span class='ocrx_word' id='word_1_302' title='bbox 1262 3569 1362 3632; x_wconf 88' lang='lat' dir='ltr'>sancti</span> 
     </span>
     <span class='ocr_line' id='line_1_33' title="bbox 125 3669 1363 3768; baseline 0.001 -32"><span class='ocrx_word' id='word_1_303' title='bbox 125 3670 230 3754; x_wconf 88' lang='lat' dir='ltr'>Operis</span> <span class='ocrx_word' id='word_1_304' title='bbox 252 3670 388 3737; x_wconf 77' lang='lat' dir='ltr'>fructum</span> <span class='ocrx_word' id='word_1_305' title='bbox 404 3672 452 3768; x_wconf 80' lang='lat' dir='ltr'>sit¹</span> <span class='ocrx_word' id='word_1_306' title='bbox 469 3690 583 3754; x_wconf 82' lang='lat' dir='ltr'>auspex</span> <span class='ocrx_word' id='word_1_307' title='bbox 600 3671 736 3750; x_wconf 88' lang='lat' dir='ltr'>omnium</span> <span class='ocrx_word' id='word_1_308' title='bbox 757 3669 930 3754; x_wconf 85' lang='lat' dir='ltr'>gratiarum</span> <span class='ocrx_word' id='word_1_309' title='bbox 961 3670 1158 3755; x_wconf 83' lang='lat' dir='ltr'>omniumque</span> <span class='ocrx_word' id='word_1_310' title='bbox 1182 3671 1363 3738; x_wconf 88' lang='lat' dir='ltr'>caelestium</span> 
     </span>
     <span class='ocr_line' id='line_1_34' title="bbox 125 3759 1365 3860; baseline 0 -20"><span class='ocrx_word' id='word_1_311' title='bbox 125 3795 284 3841; x_wconf 87' lang='lat' dir='ltr'>munerum</span> <span class='ocrx_word' id='word_1_312' title='bbox 306 3759 486 3860; x_wconf 71' lang='lat' dir='ltr'>apostolica</span> <span class='ocrx_word' id='word_1_313' title='bbox 509 3773 710 3854; x_wconf 87' lang='lat' dir='ltr'>Benedictio,</span> <span class='ocrx_word' id='word_1_314' title='bbox 744 3793 838 3858; x_wconf 88' lang='lat' dir='ltr'>quam</span> <span class='ocrx_word' id='word_1_315' title='bbox 868 3774 953 3839; x_wconf 91' lang='lat' dir='ltr'>vobis</span> <span class='ocrx_word' id='word_1_316' title='bbox 977 3776 1140 3854; x_wconf 92' lang='lat' dir='ltr'>omnibus,</span> <span class='ocrx_word' id='word_1_317' title='bbox 1164 3775 1365 3841; x_wconf 77' lang='lat' dir='ltr'>venerabiles</span> 
     </span>
     <span class='ocr_line' id='line_1_35' title="bbox 124 3877 1364 3962; baseline 0.002 -19"><span class='ocrx_word' id='word_1_318' title='bbox 124 3879 255 3960; x_wconf 68' lang='lat' dir='ltr'>luntres,</span> <span class='ocrx_word' id='word_1_319' title='bbox 279 3881 310 3945; x_wconf 91' lang='lat' dir='ltr'>et</span> <span class='ocrx_word' id='word_1_320' title='bbox 331 3881 418 3946; x_wconf 91' lang='lat' dir='ltr'>vobis</span> <span class='ocrx_word' id='word_1_321' title='bbox 440 3880 558 3946; x_wconf 88' lang='lat' dir='ltr'>Dilecti</span> <span class='ocrx_word' id='word_1_322' title='bbox 577 3879 660 3958; x_wconf 81' lang='lat' dir='ltr'>Filii,</span> <span class='ocrx_word' id='word_1_323' title='bbox 685 3880 838 3962; x_wconf 89' lang='lat' dir='ltr'>quotquot</span> <span class='ocrx_word' id='word_1_324' title='bbox 859 3879 892 3944; x_wconf 92' lang='lat' dir='ltr'>in</span> <span class='ocrx_word' id='word_1_325' title='bbox 913 3877 1075 3945; x_wconf 81' lang='lat' dir='ltr'>Gatbolica</span> <span class='ocrx_word' id='word_1_326' title='bbox 1097 3878 1236 3945; x_wconf 76' lang='lat' dir='ltr'>Ecclesia</span> <span class='ocrx_word' id='word_1_327' title='bbox 1259 3898 1364 3945; x_wconf 89' lang='lat' dir='ltr'>cense-</span> 
     </span>
     <span class='ocr_line' id='line_1_36' title="bbox 125 3981 1364 4068; baseline 0.003 -20"><span class='ocrx_word' id='word_1_328' title='bbox 125 3984 208 4062; x_wconf 88' lang='lat' dir='ltr'>mini,</span> <span class='ocrx_word' id='word_1_329' title='bbox 232 4003 267 4050; x_wconf 87' lang='lat' dir='ltr'>ex</span> <span class='ocrx_word' id='word_1_330' title='bbox 281 3985 393 4052; x_wconf 90' lang='lat' dir='ltr'>intimo</span> <span class='ocrx_word' id='word_1_331' title='bbox 417 3986 506 4051; x_wconf 90' lang='lat' dir='ltr'>corde</span> <span class='ocrx_word' id='word_1_332' title='bbox 525 3985 741 4068; x_wconf 89' lang='lat' dir='ltr'>depromptam</span> <span class='ocrx_word' id='word_1_333' title='bbox 760 3984 956 4066; x_wconf 86' lang='lat' dir='ltr'>peramanter</span> <span class='ocrx_word' id='word_1_334' title='bbox 969 3984 1001 4048; x_wconf 93' lang='lat' dir='ltr'>iu</span> <span class='ocrx_word' id='word_1_335' title='bbox 1013 3981 1144 4050; x_wconf 91' lang='lat' dir='ltr'>Domino</span> <span class='ocrx_word' id='word_1_336' title='bbox 1160 3987 1364 4068; x_wconf 87' lang='lat' dir='ltr'>impertimus.</span> 
     </span>
    </p>
   </div>
   <div class='ocr_carea' id='block_1_3' title="bbox 126 4085 1380 4365">
    <p class='ocr_par' dir='ltr' id='par_1_7' title="bbox 126 4085 1380 4365">
     <span class='ocr_line' id='line_1_37' title="bbox 224 4085 1380 4172; baseline 0.001 -20"><span class='ocrx_word' id='word_1_337' title='bbox 224 4088 342 4156; x_wconf 91' lang='lat' dir='ltr'>Datum</span> <span class='ocrx_word' id='word_1_338' title='bbox 364 4089 480 4156; x_wconf 85' lang='lat' dir='ltr'>Romae</span> <span class='ocrx_word' id='word_1_339' title='bbox 501 4088 582 4172; x_wconf 88' lang='lat' dir='ltr'>apud</span> <span class='ocrx_word' id='word_1_340' title='bbox 605 4087 636 4154; x_wconf 84' lang='lat' dir='ltr'>S.</span> <span class='ocrx_word' id='word_1_341' title='bbox 659 4087 793 4152; x_wconf 89' lang='lat' dir='ltr'>Petrum</span> <span class='ocrx_word' id='word_1_342' title='bbox 812 4085 862 4151; x_wconf 92' lang='lat' dir='ltr'>die</span> <span class='ocrx_word' id='word_1_343' title='bbox 893 4087 1153 4172; x_wconf 89' lang='lat' dir='ltr'>vicesimaquarta</span> <span class='ocrx_word' id='word_1_344' title='bbox 1182 4089 1380 4155; x_wconf 84' lang='lat' dir='ltr'>Decembris.</span> 
     </span>
     <span class='ocr_line' id='line_1_38' title="bbox 126 4190 1242 4261; baseline 0.004 -5"><span class='ocrx_word' id='word_1_345' title='bbox 126 4192 210 4257; x_wconf 83' lang='lat' dir='ltr'>Auno</span> <span class='ocrx_word' id='word_1_346' title='bbox 232 4191 515 4260; x_wconf 79' lang='lat' dir='ltr'>MDOOOLXXIV.</span> <span class='ocrx_word' id='word_1_347' title='bbox 539 4192 745 4259; x_wconf 87' lang='lat' dir='ltr'>Pontificatus</span> <span class='ocrx_word' id='word_1_348' title='bbox 767 4190 875 4257; x_wconf 87' lang='lat' dir='ltr'>Nostri</span> <span class='ocrx_word' id='word_1_349' title='bbox 895 4192 985 4256; x_wconf 84' lang='lat' dir='ltr'>Anno</span> <span class='ocrx_word' id='word_1_350' title='bbox 1007 4191 1242 4261; x_wconf 88' lang='lat' dir='ltr'>vicesimonouo.</span> 
     </span>
     <span class='ocr_line' id='line_1_39' title="bbox 1007 4295 1262 4365; baseline 0.02 -5"><span class='ocrx_word' id='word_1_351' title='bbox 1007 4295 1101 4362; x_wconf 84' lang='lat' dir='ltr'><strong>PIUS</strong></span> <span class='ocrx_word' id='word_1_352' title='bbox 1123 4299 1184 4365; x_wconf 90' lang='lat' dir='ltr'>PP.</span> <span class='ocrx_word' id='word_1_353' title='bbox 1205 4296 1262 4365; x_wconf 90' lang='lat' dir='ltr'>IX.</span> 
     </span>
    </p>
   </div>
   <div class='ocr_carea' id='block_1_4' title="bbox 591 4489 902 4498">
    <p class='ocr_par' dir='ltr' id='par_1_8' title="bbox 591 4489 902 4498">
     <span class='ocr_line' id='line_1_40' title="bbox 591 4489 902 4498; baseline 0 0"><span class='ocrx_word' id='word_1_354' title='bbox 591 4489 902 4498; x_wconf 49' lang='grc' dir='ltr'>*αι-*-</span> 
     </span>
    </p>
   </div>
   <div class='ocr_carea' id='block_1_5' title="bbox 0 0 1567 4956">
    <p class='ocr_par' dir='ltr' id='par_1_9' title="bbox 0 0 1567 4956">
     <span class='ocr_line' id='line_1_41' title="bbox 0 0 1567 4956; baseline 0 0"><span class='ocrx_word' id='word_1_355' title='bbox 0 0 1567 4956; x_wconf 95' lang='lat' dir='ltr'> </span> 
     </span>
    </p>
   </div>
  </div>
 </body>
</html>
