3178 4962
270 267 440 338 spmerscp.
475 269 657 358 Necessitas,
674 271 710 321 ut
727 269 831 338 propte
848 246 994 338 linquam
1012 265 1127 344 calleat
1144 268 1261 332 pastori
1272 300 1277 307 f
1324 243 1388 308 265

144 463 201 528 per
221 431 409 507 hcc'babita
437 439 488 504 die
525 440 573 504 19.
611 438 745 523 Augusti
780 407 884 516 1667,
910 437 960 502 oui
990 437 1200 503 interfuerunt
1222 387 1387 501 'recoleud

12 563 13 572 ¹
148 567 240 613 mem.
258 544 440 615 ,cardinalis
465 542 670 617 Ottbobonus,
691 543 798 626 postea
833 541 977 608 Summus
1001 541 1145 608 Pontilcx
1177 540 1235 605 sub
1265 539 1389 603 nominc

146 649 317 744 Alexandri
338 632 422 714 l'lIll.
448 649 480 713 et
501 645 673 712 Cardiualis
695 645 800 725 Julius
824 645 957 729 Spiucla,
983 665 1038 710 uec
1057 653 1118 710 nen
1142 643 1279 719 Praelati
1302 643 1387 726 Ugu-

148 756 241 833 liuus,
272 755 448 838 Eagnauus‚
472 750 563 817 etde
587 750 712 829 Rubais,
736 751 854 816 dictum
878 751 948 831 suit,
980 749 1083 832 „pund
1107 750 1193 816 circo
1215 746 1404 832 Personam,

145 860 302 939 cideutor,
327 879 369 923 aa
391 855 503 944 collect
534 854 675 938 tirrpucm
696 854 931 934 atemptatus
960 873 1050 935 quam
1086 850 1305 916 resolutionem
1340 850 1390 915 die
1487 891 1489 896 ·

1330 940 1339 954 1

55 979 58 986 ’
146 967 200 1031 20.
222 961 358 1046 Augusti
380 949 601 1028 Sanctissimus
624 959 820 1042 approbavit,
855 977 874 1022 u
912 978 948 1023 er
973 957 1169 1024 Bibliotheca
1200 954 1389 1020 Eminentia·

147 1065 418 1142 simiOardiualis
442 1063 611 1134 Otthuboui
633 1064 699 1128 tom
723 1064 774 1130 59.
798 1063 911 1130 Mater.
934 1061 1040 1128 Datur.
1066 1081 1137 1144 pag.
1160 1061 1231 1127 186.

251 1169 416 1236 Recccsita
437 1168 522 1233 facta
544 1152 701 1246 historica,
725 1187 802 1249 quac
826 1167 960 1250 Rtpoatt
980 1167 1012 1231 et
1033 1150 1414 1256 Tlcoorussin·rolerunt,'
1442 1203 1446 1210 ,

148 1275 176 1339 si
199 1272 459 1360 perpenderimus,
483 1290 555 1336 sane
577 1270 671 1336 fidem
692 1270 853 1335 indubiam
879 1265 1086 1334 attribuemus
1117 1268 1287 1334 assertioni·
1303 1268 1389 1352 Pyr-

149 1380 202 1444 rbt
222 1377 369 1455 (lucranti,
394 1375 446 1459 qui
468 1373 580 1440 in'sua
601 1375 714 1454 „Praxi
738 1373 929 1440 Beneficiara
949 1374 1022 1457 143.
1047 1393 1112 1456 cap.
1135 1374 1186 1440 17.
1201 1392 1287 1438 num
1316 1374 1390 1439 22¹⁶

148 1482 295 1560 testatur,
317 1481 397 1564 quod
420 1485 588 1562 numquam
610 1479 676 1562 ipse
699 1479 777 1544 vidit
800 1479 874 1544 huic
888 1478 1031 1562 'Regulus
1055 1477 1278 1561 dispensatum.
1344 1513 1348 1516 -
1456 1553 1466 1569 Ι

614 1776 922 1785 Ἣ

154 2036 156 2038 -
257 1998 545 2072 Demonstravimus
571 1999 691 2082 itaque,
726 2017 794 2062 eam
816 1977 888 2062 esses
906 1996 1109 2062 intentionem
1137 1993 1390 2076 voluntatemque

18 2118 21 2131 ·
155 2105 225 2189 piae
248 2105 368 2194 Matris
378 2103 544 2183 Ecclesiae,
568 2104 605 2168 ut
625 2099 774 2188 gentibus
791 2086 1028 2185 nationibusque
1051 2099 1229 2165 christianis
1256 2117 1315 2162 non
1336 2097 1391 2162 alii

79 2293 84 2297 .
156 2209 373 2292 praeficiantur
395 2194 538 2281 Pastores
552 2209 582 2272 et
593 2210 757 2272 'sacrorum
779 2205 958 2285 Antistius,
975 2204 1034 2268 nisi
1055 2206 1107 2286 qui
1120 2201 1262 2282 „idioma
1276 2221 1392 2266 aaron·
1519 2275 1520 2280 ἵ

152 2305 229 2380 dem
243 2313 415 2400 iatctlv'puut
437 2311 722 2394 ctictcttc'pibitc‘tcr
745 2311 829 2393 toqui
851 2311 991 2385 sciant,“
1015 2327 1109 2392 quam
1136 2305 1260 2393 quidem
1283 2305 1392 2372 volun-

152 2418 249 2482 tatem
270 2436 358 2481 suam
383 2419 414 2480 et
436 2417 557 2500 legibus
579 2417 652 2480 latis
673 2417 705 2481 et
729 2414 883 2481 constanti
906 2413 993 2499 praxi
1015 2433 1071 2477 sua
1094 2409 1393 2476 satisabundante‘r·
1517 2489 1527 2504 Ι

153 2539 211 2603 que
245 2505 465 2590 manifestavit.
488 2519 775 2601 ‘viemadmc'dum
807 2518 887 2584 enim
927 2517 1009 2581 Deus
1040 2516 1104 2600 ipse
1135 2516 1202 2600 jam
1232 2501 1271 2580 in¹
1298 2514 1336 2580 A.
1360 2515 1392 2580 E.
1422 2575 1423 2578 ,

152 2624 260 2699 uoluit
274 2624 399 2690 mittero
422 2623 594 2707 Prophetas
616 2641 685 2688 suos
708 2623 746 2688 ad
779 2622 905 2708 populos
934 2622 1059 2706 ignotae
1088 2621 1231 2704 liuguae,
1260 2632 1393 2703 quorum

153 2730 350 2812 nonpossint
371 2729 477 2793 audire
501 2745 655 2793 sermones
689 2727 811 2811 (Erech.
835 2726 894 2796 III.
919 2726 946 2790 5.
970 2725 1039 2810 ’6,);
1072 2727 1103 2790 et
1135 2725 1269 2790 innova
1292 2724 1390 2789 Oeco-

154 2833 266 2911 nonria
288 2833 436 2917 ¹ablegans
459 2832 632 2915 Apostolos,
653 2832 689 2896 ut
711 2830 925 2914 praedicarent
945 2829 1139 2912 evangelium
1166 2828 1285 2894 cunctis
1316 2847 1392 2912 gau·
1451 2907 1461 2918 „

13 2963 14 2970 ¹
101 2958 108 2964 ’
154 2938 247 3017 tibus
271 2936 454 3005 miraculum
477 2937 625 3020 patravit,
647 2935 683 3000 ut
706 2935 825 3018 possint
852 2933 946 3000 variis
973 2933 1088 3018 linguis
1122 2933 1206 3018 loqui
1236 2931 1394 3017 magnalia

154 3041 223 3120 Dei,
242 3043 273 3106 et
297 3041 401 3141 diffusi
421 3049 476 3125 per'
494 3042 598 3107 orbem
614 3039 797 3124 praedicare
815 3039 928 3132 ubique
959 3040 1109 3128 terrarum
1120 3036 1247 3122 linguis
1270 3036 1394 3127 illorum

154 3145 335 3230 populorum
349 3195 376 3242 ,α
393 3146 504 3230 quibus
528 3145 748 3229 praedicabant
782 3143 865 3229 (Act.
888 3145 996 3227 Apost.
1020 3143 1062 3210 Il.
1087 3143 1140 3222 4.,
1161 3142 1212 3223 8.,
1236 3141 1317 3227 lli:
1350 3141 1396 3205 ita

155 3251 246 3333 plane
266 3250 413 3330 Ecclesia,
436 3251 579 3336 quoniam
604 3249 867 3333 praedicatoribus
891 3249 1069 3314 christianis
1082 3248 1194 3312 donum
1216 3247 1393 3332 linguarum
1443 3319 1445 3325 y
1540 3243 1541 3246 ’

157 3354 324 3419 hodiedum
346 3355 475 3420 coelitus
498 3354 619 3419 infundi
637 3373 697 3418 nou
713 3354 802 3432 solet,
827 3372 886 3418 nou
908 3353 984 3418 alios
997 3352 1210 3418 Missiouarios
1233 3351 1272 3415 ad
1296 3351 1393 3415 disse·
1481 3351 1482 3354 ’

157 3457 337 3522 minandum
359 3459 554 3544 evangelium
578 3458 659 3541 apud
678 3459 786 3543 gentes
806 3455 1110 3542 paganas-ablegat,
1148 3455 1207 3526 nisi
1228 3454 1281 3538 qui
1303 3456 1395 3519 antea
1447 3463 1449 3472 ’

157 3560 246 3626 modo
269 3562 406 3630 naturali
424 3561 539 3627 idioma
569 3561 673 3646 populi
702 3561 741 3627 ad
765 3561 925 3628 Obristum
947 3559 1144 3650 convertendi
1178 3558 1395 3637 addidicerint,

156 3666 252 3748 utque
275 3664 307 3729 id
326 3665 454 3749 possint,
476 3666 631 3748 peculiare
645 3666 856 3745 institutum,
890 3665 1035 3731 nimirum
1061 3663 1235 3748 Collegium
1268 3662 1305 3727 de
1326 3682 1397 3746 pro-

157 3768 302 3853 paganda
323 3759 384 3834 tide
404 3771 558 3837 excitavit.
605 3770 733 3853 Populis
751 3789 831 3850 vero,
855 3771 908 3854 qui
931 3769 1026 3834 sacris
1051 3767 1229 3834 christianis
1249 3767 1316 3849 Jam
1340 3767 1396 3831 du·
1416 3751 1441 3767 ”
1575 3771 1577 3778 ”

158 3871 231 3937 dum
255 3873 328 3937 suut
347 3873 473 3954 addicti,
495 3893 555 3940 non
578 3875 654 3940 alios
677 3875 759 3939 verbi
774 3875 831 3940 Dei
853 3875 1011 3939 ministros
1024 3875 1062 3948 et
1081 3872 1307 3956 dispensatores
1339 3869 1394 3955 Sa·

158 3978 386 4043 crementorum
410 3979 534 4062 praefici
560 3979 644 4055 vult,
667 3978 728 4070 nisi
750 3978 804 4062 qui
825 3977 909 4061 prius
931 3975 1122 4043 ostenderint
1141 3975 1397 4060 probaverintque

157 4081 327 4165 perfectam
350 4082 493 4165 peritiam
513 4082 670 4148 idiomatis
681 4080 996 4165 loci,iu·quoerstat
1017 4081 1209 4161 beneficium,
1226 4082 1263 4146 ut
1282 4081 1313 4146 et
1337 4080 1398 4144 Pa-

158 4187 224 4250 stor
245 4183 385 4271 linguam
407 4187 509 4272 ovium
532 4206 604 4253 suae
623 4206 717 4252 curae
742 4187 976 4253 commissarum
999 4185 1178 4269 intelligat,
1215 4186 1247 4251 et
1276 4203 1293 4249 e
1324 4187 1399 4249 oon·

157 4307 244 4354 verso
259 4290 338 4356 istae
361 4309 430 4356 cum
454 4292 632 4384 percipiant.
677 4292 715 4356 Id
740 4311 810 4360 vero
832 4309 929 4375 usque
962 4291 1039 4356 adeo
1070 4291 1102 4356 et
1137 4291 1203 4354 tam
1237 4288 1397 4370 indispen-

158 4392 300 4460 sabiliter
322 4397 414 4480 urget
437 4396 574 4462 Ecclesia
593 4395 727 4477 Christi,
750 4397 796 4476 ut,
814 4396 841 4461 si
864 4395 926 4461 icrs
957 4394 1124 4478 aliquando
1145 4395 1178 4458 et
1209 4390 1323 4457 alicubi
1352 4391 1397 4456 ci-

159 4498 211 4563 tra
243 4498 469 4565 advertentiam
498 4501 529 4565 et
571 4501 771 4568 intentionem
817 4500 967 4566 Paroohia
1003 4501 1060 4565 arnt
1092 4499 1294 4581 Episcopatus
1328 4515 1399 4560 ccu-

160 4602 327 4668 ferreretur
360 4603 423 4670 viro
446 4605 672 4686 ecclesiastico,
708 4605 761 4687 qui
793 4604 909 4672 idioma
930 4603 1188 4673 Paroohianorum
1223 4601 1256 4667 et
1278 4585 1399 4686 respec-
