3096 4972
199 227 263 292 386
437 245 552 302 Leonis
571 247 640 301 XII.
659 247 826 316 Encpcle'ca
846 249 896 302 dic
913 249 939 300 1.
956 247 1112 303 Janoarnt
1128 246 1212 300 1825.

197 417 278 482 curis
301 417 424 500 pendet,
448 437 525 501 quas
546 419 578 482 in
602 419 643 494 id,
667 403 728 501 pro¹
744 439 870 484 munere
894 400 989 484 oflicii
1007 419 1104 483 vestri
1127 416 1304 500 pastoralis,
1325 417 1465 499 impen-

198 521 315 588 deritis.
360 524 539 606 Agnoscent
567 524 666 606 igitur
696 544 751 606 per
775 525 836 589 Vos
865 523 938 606 quid
969 525 1001 588 et
1023 525 1175 606 quantum
1198 521 1275 586 illud
1300 521 1344 586 sit
1367 522 1465 604 quod

197 625 241 690 eis
264 627 421 692 tribuitur.
468 624 632 717 Ostendite
655 628 794 690 thesauri
809 628 953 709 «pretium
974 645 1065 709 quem
1088 615 1329 706 reseramuset
1354 645 1462 707 quam

196 730 288 795 facile
312 750 417 796 omnes
440 721 560 814 possint
578 733 644 815 ejus
662 733 843 797 divitiarum
855 751 921 796 esse
937 732 1114 814 participes,
1137 733 1206 795 tum
1219 730 1267 829 Ιοὶ)
1291 730 1465 812 amplissi-

197 853 282 912 mas,
305 855 382 917 quas
399 836 551 899 ministris
582 836 797 902 Paenitentiae
826 835 1020 900 concedimus
1050 834 1218 899 facultates
1247 834 1380 916 peccata
1404 854 1466 898 re-

196 938 354 1016 mittendi,
379 941 446 1003 turn
469 939 507 1003 ob
530 939 628 1020 ipsam
654 955 780 1021 operum
805 940 960 1015 naturam,
985 958 1064 1022 quae
1087 939 1288 1021 imponuntur
1309 941 1466 1020 peccatis

144 1027 148 1039 ¹
197 1043 364 1126 expiandis.
409 1041 503 1108 Scitis
527 1045 644 1125 quanta
666 1043 762 1107 fuerit
785 1062 821 1108 ea
844 1043 877 1108 in
899 1062 932 1108 re
956 1042 1139 1126 disciplinae
1162 1043 1311 1106 severitas
1334 1044 1371 1106 in
1392 1043 1465 1106 Ec·

195 1145 291 1210 clesia
313 1148 385 1210 ante
408 1147 566 1211 saeculum
590 1149 737 1230 quartum
761 1147 926 1214 decimum.
974 1145 1185 1229 »Quicumque
1219 1161 1281 1228 pro¹
1303 1144 1373 1208 sola
1398 1145 1464 1208 de-

197 1250 349 1330 votione«
376 1252 421 1314 ait
446 1251 496 1317 tel.
526 1271 586 1316 roc.
611 1251 832 1317 Praedecessor
864 1254 968 1317 noster
998 1252 1143 1316 Urbanus
1173 1250 1216 1315 ΙΙ.
1244 1250 1276 1313 in
1307 1249 1463 1313 Concilio

118 1373 122 1380 ·
197 1346 457 1432 Olaromontano‘,
480 1374 568 1419 ‘anon
592 1375 647 1438 pro
669 1354 815 1435 honoris,
849 1357 897 1419 vel
919 1357 1067 1438 pecuniae
1091 1356 1275 1438 adeptione,
1299 1353 1339 1416 ad
1365 1353 1460 1416 libe-

200 1458 348 1522 »randam
371 1457 542 1523 Ecclesiam
566 1459 626 1524 Dei
648 1459 821 1525 Jerusalem
846 1460 1003 1542 profectus
1031 1455 1145 1536 fuerit,
1182 1459 1243 1522 iter
1276 1457 1357 1520 illud
1396 1477 1461 1538 pro

199 1561 302 1624 »omni
324 1562 514 1644 poenitentia
536 1561 728 1645 reputetur«
775 1564 884 1646 Neque
908 1581 982 1627 saue
1005 1563 1098 1627 aliter
1121 1565 1196 1627 tune
1220 1560 1344 1642 concedi
1379 1562 1458 1642 ple-

197 1665 315 1728 nariam
346 1666 573 1748 indulgentiam
606 1669 730 1732 solitam
759 1668 854 1733 fuisse
880 1669 1039 1746 novimus,
1068 1665 1327 1750 quemadmodum
1355 1667 1459 1730 verba

195 1767 250 1831 illa
273 1770 407 1834 referens
438 1771 636 1834 doctissimus
671 1792 706 1836 ac
737 1773 893 1855 piissimus
925 1773 982 1836 Dei
1012 1791 1118 1836 servus
1141 1771 1259 1835 Beatus
1288 1769 1458 1852 Josepbus

196 1873 298 1937 Maria
322 1873 507 1939 Thomasius
529 1875 946 1944 Cardinalisanimadrertit.
996 1869 1114 1953 »Hand
1139 1875 1250 1958 iuquit,
1273 1875 1455 1957 plenariam

197 1977 462 2060 »indulgentiam
496 1981 529 2042 in
551 1995 612 2062 qua
638 1999 713 2064 opus
736 1979 912 2064 injunctum
935 1982 1153 2064 gravissimum
1179 1980 1455 2061 eratsumptibus

138 2155 142 2166 Ι
197 2081 432 2169 »incommodis
455 2083 707 2149 laboriosissimis
731 2084 913 2162 itineribus,
937 2087 968 2148 et
990 2084 1225 2162 imminentibus
1248 2082 1331 2146 vitae
1363 2085 1451 2167 peri-

197 2184 302 2264 »culia
327 2188 364 2249 ut
385 2187 487 2268 potius
510 2187 610 2252 videri
640 2188 739 2271 possit
765 2188 945 2254 immutatio
974 2188 1195 2272 poenitentiae,
1226 2205 1319 2268 quam
1353 2187 1450 2270 liujus

197 2289 359 2366 »absoluta
376 2291 524 2359 relaxatio
548 2342 554 2357 .
580 2343 588 2358 .
611 2341 645 2358 ..
671 2294 782 2372 ,bana
806 2291 1442 2377 inquam,plenariamindulgenciampro

197 2396 299 2458 >terra
326 2395 442 2460 sancta
476 2394 531 2459 alii
559 2397 669 2478 postea
690 2395 810 2461 Summi
833 2397 1000 2462 Pontifices
1034 2415 1156 2478 semper
1185 2394 1437 2474 confirmaruntr

192 2496 369 2562 benitatem
401 2499 469 2581 piae
499 2501 610 2564 matris
625 2501 791 2568 Ecclesiae
819 2501 1069 2566 imbecillitatem
1100 2499 1290 2578 miserantis
1307 2499 1448 2565 filiorum

185 2607 327 2681 snorum,
340 2599 430 2684 'quae
453 2597 534 2667 niruc
555 2623 647 2668 onera
669 2606 758 2670 tauto
777 2604 893 2670 leviora
910 2625 946 2670 ac
969 2603 1108 2670 faciliora
1130 2623 1185 2690 pro
1201 2601 1448 2684 bonispretium

142 2738 145 2744 =
192 2723 282 2770 omne
304 2705 522 2772 excedentibus
544 2709 848 2791 imponit,.fidelium
872 2708 1108 2774 considerationi
1130 2709 1345 2791 proponentes,
1364 2707 1450 2772 illud

121 2841 127 2860 x
193 2811 276 2873 certe
299 2811 517 2894 assequemini,
541 2815 577 2876 ut
599 2831 689 2911 pomo
713 2815 778 2878 tani
802 2812 906 2878 rnollis'
929 2815 961 2876 et
983 2812 1146 2895 negligens
1161 2812 1341 2893 reperiatur,
1368 2813 1450 2895 quin

192 2914 272 2978 bona
294 2913 349 2979 illa
364 2915 441 2980 velit
463 2917 529 2982 tam
550 2935 644 3000 parvo
668 2918 728 2983 sibi
752 2937 938 3000 comparare.
985 2915 1162 2981 Cavendum
1186 2918 1293 2980 tamen
1321 2918 1371 2979 est
1398 2917 1449 2980 di-

191 3018 334 3102 ligenter,
359 3039 397 3084 ne
418 3020 490 3085 inde
512 3022 670 3086 occasione
694 3024 830 3104 accepta,
855 3024 891 3087 ut
913 3021 1016 3086 verbis
1038 3022 1164 3085 utamur
1181 3018 1314 3083 Sanctae
1326 3017 1449 3103 Synodi

193 3122 405 3202 Tridentinae,
432 3128 578 3207 »peccata
600 3127 667 3208 ipsa
689 3127 806 3192 leviora
828 3128 996 3209 putantes,
1020 3125 1107 3189 velut
1130 3125 1250 3207 injurii,
1272 3125 1303 3187 et
1328 3127 1445 3188 contu-

195 3226 333 3292 ›meliosi
360 3227 477 3310 Spiritu
507 3228 641 3309 Sancto,
674 3230 705 3294 in
739 3231 881 3314 graviora
912 3230 1077 3307 labantur,
1108 3228 1357 3293 thesaurizantes
1384 3230 1448 3293 sibi

194 3329 291 3394 »iram
311 3332 342 3396 in
367 3331 416 3397 die
438 3333 533 3399 irae«
581 3336 683 3416 Quare
706 3333 863 3400 Ecclesiae
884 3335 1009 3417 quidem
1026 3353 1063 3398 ea
1086 3333 1118 3396 iu
1140 3352 1172 3396 re
1193 3331 1381 3396 ostendatur
1406 3333 1444 3396 li·
1470 3414 1473 3420 Ι

192 3419 365 3515 beralitas,
389 3437 442 3500 sed
467 3438 544 3502 nibil
568 3440 691 3503 omnino
714 3439 916 3522 diligentiae,
941 3440 1036 3521 atque
1057 3430 1228 3501 industriae
1251 3434 1447 3520 negligatur,

191 3558 251 3622 quo
274 3540 420 3624 redigant
449 3541 589 3606 homiues
622 3543 653 3607 in
684 3543 863 3618 memoriam
893 3561 1104 3625 quaecumque
1130 3541 1238 3604 contra
1257 3539 1316 3605 Dei
1338 3540 1445 3623 legem

150 3657 152 3668 '
190 3645 421 3724 commiserunt,
444 3665 540 3728 eaque
564 3646 702 3711 dolentes
726 3667 761 3710 ex
776 3647 888 3726 animo,
913 3665 949 3710 ac
973 3631 1165 3710 detestantes
1178 3645 1300 3728 integre
1325 3645 1444 3709 aesin-

94 3807 96 3813 .
191 3767 260 3813 cere
280 3749 503 3814 confiteantur:
530 3748 624 3833 atqu'e
647 3751 713 3815 inte
734 3751 835 3834 magis
856 3750 894 3814 ad
909 3749 1122 3814 admirandam
1140 3747 1367 3832 amandamque
1382 3747 1444 3812 Dei

189 3852 415 3938 benignitatem
440 3854 629 3933 excitentur,
654 3855 707 3938 qui
732 3874 764 3918 se
787 3855 852 3918 tam
877 3855 999 3918 facilem
1024 3873 1059 3917 ac
1074 3853 1266 3936 ,placabilem
1292 3852 1443 3934 praebeat

189 3957 238 4034 iia,
263 3957 317 4038 qui
340 3977 497 4040 nunquam
521 3958 599 4023 satis
622 3959 786 4041 plectenda
798 3959 961 4041 impietate
987 3957 1099 4022 »semel
1123 3977 1141 4020 a
1163 3951 1294 4038 peceati,
1315 3957 1348 4019 et
1365 3955 1442 4020 dae-

192 4061 310 4126 »monis
334 4062 483 4126 servitute
505 4081 559 4144 per
583 4063 790 4144 Baptismum,
814 4063 951 4141 liberati,
974 4063 1005 4125 et
1030 4061 1155 4142 accepto
1175 4059 1310 4143 Spiritus
1332 4060 1444 4126 Sancti

191 4166 299 4243 ›douo,
323 4165 456 4230 scienter
479 4166 629 4249 templum
653 4167 712 4231 Dei
735 4167 869 4245 violare,
900 4169 933 4231 et
964 4165 1114 4250 Spiritum
1143 4163 1293 4230 Sanctum
1324 4164 1443 4230 contri·

191 4272 293 4335 »starc
316 4287 376 4334 non
398 4270 663 4338 formidaverint«

291 4374 387 4439 licam
409 4373 446 4438 ob
470 4392 594 4439 causam
619 4375 791 4459 exemplum
820 4374 918 4440 secuti
939 4373 1214 4440 Praedecessorum
1249 4374 1438 4452 nostrorum,

188 4479 317 4542 solemni
339 4477 456 4542 indicto
473 4475 629 4554 dubilaco,
653 4478 792 4542 divinum
817 4478 965 4566 arixilium
978 4477 1017 4540 ad
1036 4495 1215 4560 prosperum
1238 4478 1322 4542 tanti
1337 4478 1438 4560 operis

189 4583 304 4648 exitum
326 4581 447 4666 publice
467 4579 626 4664 implorari
646 4579 817 4663 jussimus,
848 4582 914 4646 siue
938 4599 997 4664 quo
1020 4580 1099 4646 nihil
1123 4581 1275 4665 ejusmodi
1298 4581 1436 4648 bumana
