3150 4978
431 282 497 342 Dae
516 281 745 343 Pceoifeaa'ctc
771 265 998 342 Voltcclfooam
1016 283 1050 340 Ε.
1068 283 1113 340 15.
1348 269 1397 335 33v

536 458 642 526 Canon
665 459 812 525 Ancirani
834 459 909 527 hera
930 456 999 527 XV.

451 561 625 648 (Pa-Rom.
646 581 672 631 o.
692 563 764 631 VII.
783 563 810 648 fi.
832 564 881 631 10.
902 563 996 630 Mers.
1021 564 1086 650 51.)

258 665 329 733 XX.
353 664 386 730 si
407 665 475 750 quie
497 685 567 732 curn
583 666 768 732 animalibus
784 665 988 746 fornicaverit,
1011 667 1276 752 quaudoampliue
1297 677 1391 753 quam
1506 698 1508 702 ·

150 771 215 838 XX
235 789 382 835 annorum
407 769 511 849 fuerit,
534 769 592 836 XV
623 789 693 838 ann.
717 770 865 867 peniteat,
886 771 917 837 et
939 771 966 835 si
981 767 1142 836 mulierem
1164 771 1260 838 habet
1281 774 1314 839 et
1334 773 1391 840 hoc

150 873 263 942 fecerit
283 874 419 958 peniteat
442 893 512 942 ann.
533 873 621 939 XXV
656 877 688 941 et
717 875 744 940 ei
772 875 900 942 clericus
932 893 1001 941 curn
1018 875 1233 960 quadrupedia
1256 876 1390 946 fornica·

11 1041 12 1046 ,
150 979 235 1046 verit
257 979 290 1043 ΙΙ
312 997 382 1044 ann.
406 979 543 1062 peniteat
576 979 606 1044 in
631 998 700 1063 pan.
735 981 767 1046 et
795 999 844 1064 aq.
888 979 921 1046 si
943 978 1084 1046 sacerdos
1118 979 1155 1048 V.
1183 979 1233 1045 III
1259 981 1293 1047 in
1320 1001 1390 1066 peu.

151 1084 185 1149 et
208 1102 257 1166 aq.
301 1083 378 1168 (Der
410 1083 521 1148 Zusatz
558 1083 695 1168 »Siquis
718 1102 789 1150 cum
809 1083 910 1150 matre
932 1087 1010 1150 etc«
1035 1083 1115 1150 fehlt
1136 1084 1178 1149 im
1202 1085 1307 1167 Mera,
1330 1085 1391 1150 fin·

151 1188 207 1254 det
230 1186 297 1252 sich
319 1186 392 1251 aber
414 1185 507 1273 Greg.
537 1207 564 1256 c.
586 1189 637 1256 90.
661 1189 720 1254 mit
741 1187 861 1274 gering.
883 1187 1010 1270 Strafe.)
1054 1187 1088 1255 Si
1112 1189 1180 1272 quit
1199 1207 1270 1259 cum
1292 1191 1393 1257 matre

150 1291 200 1360 vel
224 1309 327 1356 acrore
349 1290 406 1358 for.
418 1291 478 1358 XV
499 1311 570 1360 ann.
592 1311 661 1377 peu.
674 1294 706 1358 et
720 1311 876 1378 nunquam
895 1293 996 1366 mutet
1012 1293 1072 1358 nisi
1094 1292 1256 1359 dominicis
1272 1292 1392 1360 diebus.

653 1396 759 1481 (Mers.
783 1416 810 1463 c.
833 1396 899 1483 60.)

256 1500 340 1566 XXI.
364 1499 398 1567 Si
413 1500 482 1584 quis
504 1499 601 1566 intrat
624 1501 663 1566 ed
678 1501 823 1568 ancillam
846 1521 943 1583 suam,
967 1502 995 1568 ai
1007 1502 1150 1587 genuerit
1173 1521 1209 1568 ex
1230 1501 1392 1582 catilano,

150 1604 251 1672 libera
274 1604 316 1670 sit
339 1606 370 1671 et
393 1623 463 1672 oovr.
486 1604 502 1669 Ι
534 1624 603 1688 pen.
1020 1679 1023 1686 .

512 1707 618 1774 Canon
637 1707 885 1774 Ncoccsarieneis
908 1709 983 1775 hera
1005 1709 1043 1776 V.

646 1809 755 1895 (Mers.
778 1830 804 1879 c.
829 1813 894 1894 57.)

256 1913 358 1980 XXII.
382 1912 508 1999 Siquis
531 1914 720 1998 concupiscit
743 1915 892 1982 fornicare
915 1915 947 1982 et
980 1933 1040 1980 non
1062 1913 1165 1999 potuit
1186 1913 1236 1978 ΙΙΙ
1266 1913 1389 1980 XLmae

11 2013 13 2084 l
156 2017 292 2100 penileat
314 2021 346 2089 at
368 2017 421 2104 qui
442 2017 616 2102 turpitaetu
639 2019 688 2085 vel
710 2019 859 2104 colloquio
881 2018 930 2085 vel
952 2020 1080 2104 aspectu
1109 2019 1393 2104 coinquinatorest‚

155 2122 259 2186 tamen
290 2121 391 2200 noluit
422 2122 573 2188 fornicare
606 2122 661 2194 XL
694 2123 759 2189 dies
781 2123 928 2207 peniteat.
972 2121 1006 2188 Si
1034 2125 1139 2188 autem
1171 2122 1392 2208 inpugnatione

11 2257 13 2340 ὲ
152 2223 352 2310 cogitationis
375 2225 525 2292 violenter
545 2225 725 2310 inquinatus
747 2227 804 2305 est,
827 2211 889 2292 VII
911 2225 1018 2291 diebus
1040 2225 1188 2309 peniteat.

495 2328 599 2396 Canon
621 2329 857 2396 Neocesariense
878 2329 954 2396 hera
976 2328 1051 2396 IIII.

531 2431 637 2516 (Mers,
661 2450 686 2500 c.
712 2434 761 2500 16.
786 2433 873 2499 Rom.
897 2433 938 2499 ll.
962 2433 1006 2514 6'.)

255 2535 359 2604 XXII.
384 2534 417 2602 si
438 2536 507 2620 quie
530 2535 718 2620 concupiscit
737 2535 899 2602 mulierem
922 2538 954 2602 et
974 2555 1034 2603 non
1048 2537 1151 2620 potest
1172 2553 1297 2621 peccare
1320 2552 1391 2601 curo

148 2638 206 2704 illa
229 2641 368 2705 autnon
391 2639 457 2706 vult
481 2658 549 2704 eam
573 2639 685 2705 mulier
706 2639 869 2724 suscipere,
893 2659 961 2708 anu.
985 2640 1000 2705 I
1022 2639 1169 2724 peniteat.

541 2742 644 2809 Canon
667 2745 810 2810 ancirano
833 2745 908 2810 hera
930 2743 1000 2812 XX.

11 2861 14 2952 ζ
148 2865 260 2952 (llere.
274 2884 311 2934 e.
333 2867 396 2946 46..
419 2865 580 2935 Pa.·Rom.
603 2867 645 2932 II.
671 2867 720 2934 16.
742 2867 856 2952 Anopr.
879 2887 905 2954 c.
929 2869 980 2934 21.
1010 2866 1172 2934 bestimmt
1200 2866 1268 2932 eino
1297 2865 1393 2932 Buss-

572 2969 632 3036 zeit
653 2989 712 3036 von
734 2970 810 3035 zehn
832 2969 975 3057 Jahreo.)

11 3129 12 3162 3
261 3071 397 3140 XXIIII.
434 3071 467 3142 Si
501 3073 570 3156 quit
607 3069 677 3139 cum
715 3073 897 3139 mulieribus
927 3073 1125 3140 fornicaverit
1165 3073 1197 3138 et
1232 3070 1390 3152 occideril,

11 3167 12 3242 ζ
149 3177 232 3262 quod
256 3179 398 3243 nascetur
421 3176 476 3242 aut
498 3177 640 3244 aborsum
664 3178 765 3244 facere
786 3177 924 3260 festinat,
945 3175 1005 3243 XX
1027 3195 1097 3246 aon.
1121 3177 1268 3261 peniteat.

648 3297 754 3382 (uera.
777 3281 805 3365 c.
828 3299 895 3385 oa.)

11 3471 12 3474 ,
256 3401 356 3469 XXV.
379 3399 413 3466 Si
433 3399 546 3466 mulier
568 3421 639 3467 cum
662 3401 724 3468 alia
755 3402 885 3470 muliere
918 3401 1115 3469 fornicaverit
1144 3403 1200 3468 aut
1228 3402 1293 3468 sola
1322 3421 1392 3468 cum

11 3563 13 3602 ³
149 3526 184 3573 so
206 3507 273 3592 ipsa
297 3506 411 3572 cultum
435 3505 541 3584 habet,
563 3503 613 3570 III
635 3523 705 3572 ann.
728 3505 875 3590 pcnileat.

11 3737 13 3840 l
116 3785 119 3790 .
250 3729 371 3812 XXVI.
395 3730 428 3797 Si
449 3728 518 3816 quit
540 3625 966 3816 propteiMcoiricquIelogiitiam
999 3729 1047 3797 vel
1077 3729 1238 3798 libidinem
1271 3748 1326 3816 per
1359 3747 1392 3796 oe

11 3869 13 3936 p
149 3836 254 3919 ipsum
270 3835 470 3906 fornicaverit
493 3853 563 3900 ann.
586 3833 740 3918 integrum
764 3835 912 3918 peniteat.

255 4059 386 4127 XXVII.
420 4057 453 4124 Si
476 4059 529 4143 qui
560 3955 796 4143 puerimpiaeiiulic
797 3957 896 4125 aiio)
905 4059 966 4124 XX
998 4079 1068 4126 ann.
1091 4077 1124 4124 ee
1145 4058 1277 4126 iuvIccm
1291 4055 1393 4122 mani·

148 4165 208 4231 bue
240 4162 515 4249 coinquinaverint,
535 4163 595 4260 XX
618 4162 683 4229 dies
713 4165 873 4248 peniteant
894 4163 921 4228 si
943 4163 1119 4247 frequenter
1148 4163 1267 4230 faciunt
1289 4162 1344 4258 aut
1365 4159 1392 4226 ai

148 4268 273 4354 inipso
296 4269 380 4334 etate
400 4266 482 4334 iuter
503 4267 618 4334 femora
640 4268 696 4335 for.
720 4268 735 4333 l
758 4287 827 4335 ann.
850 4266 1019 4352 penIteaut.
1046 4285 1050 4294 ·

255 4493 401 4561 XXVIII.
424 4491 457 4559 Si
478 4492 548 4578 quie
569 4387 943 4574 mecliaiiriisiaiiiifilll
964 4510 1034 4569 ann.
1054 4490 1202 4574 penIteet,
1225 4487 1252 4553 si
1273 4487 1392 4554 veroin

149 4599 330 4682 femoribus,
355 4597 387 4664 II
409 4617 479 4664 ann.
502 4598 650 4684 peniteat.
681 4662 683 4666 .

179 4726 278 4777 Archiv
291 4727 332 4778 fltr
346 4727 535 4790 IIIrcheureeht.
550 4727 668 4778 mua
1011 4759 1012 4762 =
1164 4712 1185 4778 3
1207 4701 1208 4708 ἵ
