3120 4956
196 247 260 313 368
303 264 355 320 Ριο·
370 265 431 320 ΡΡ.
449 265 503 319 IX.
522 265 669 336 Epistola
689 265 859 334 Eaeycltca
878 267 908 320 d.
925 265 972 320 24.
993 267 1063 320 Dec.
1084 267 1169 321 1874.
1196 265 1307 332 (somn
1325 263 1429 326 anio.)

197 438 259 504 alia
270 437 322 522 pie
333 439 366 504 et
378 436 527 504 salutaria
539 454 630 520 opera
641 439 842 518 commutare,
854 439 887 505 et
897 457 966 504 curn
978 437 1207 522 poenitentibus
1221 436 1406 522 hujusmodi
1419 435 1455 501 iu

198 543 295 608 sacris
323 542 484 608 ordinibus
507 541 686 608 constitutis
709 543 803 608 etiam
834 542 1031 627 regularibus
1054 561 1146 626 super
1176 540 1299 607 occulta
1326 541 1456 626 irregu-

197 647 325 714 laritate
346 646 387 711 ad
409 646 589 711 exercitium
611 645 788 717 eorumdem
811 645 974 725 ordinum,
995 648 1028 711 et
1047 646 1086 710 ed
1109 645 1301 728 superiorum
1321 663 1457 712 essecu-

188 751 313 817 ‘tionem
337 749 377 815 ob
399 769 560 816 censuram
585 749 783 816 violationem
807 749 972 816 dumtaxat
994 751 1154 815 contracta
1177 749 1356 834 dispensare
1381 768 1457 833 pos·

197 856 261 922 sint
281 855 478 932 etvaleant,
500 855 609 920 eadem
641 856 775 920 auctorit
776 857 827 921 ate
850 857 882 920 οι
915 854 1115 940 ¹spostolicae
1146 853 1353 939 benignitatis
1379 873 1455 919 arn-

198 959 351 1044 plitudine
374 958 570 1038 concedimus
590 960 622 1024 et
644 958 850 1043 indulgemus.

302 1064 372 1128 Non
400 1061 592 1128 intendimus
616 1064 721 1128 antem
741 1082 795 1147 per
816 1064 993 1146 praesentes
1027 1082 1118 1148 super
1140 1064 1245 1146 aliqua
1267 1007 1375 1132 ιιιιῇ
1366 1081 1454 1127 rrre-

89 1217 92 1229 ,
202 1165 373 1253 gularitate
396 1166 445 1232 vel
467 1166 591 1250 publica
612 1167 662 1232 vel
684 1167 816 1246 occulta,
850 1185 905 1232 sen
926 1166 1129 1232 defecttu
1015 1168 1129 1232 tteu
1151 1168 1235 1247 nota,
1190 1166 1414 1232 taliave
1403 1186 1455 1230 ιιι-

201 1271 383 1354 capacitate,
413 1271 469 1352 aut
498 1269 698 1336 inhabilitate
728 1271 945 1356 quoquomodo
975 1272 1144 1336 contractis
1178 1271 1367 1354 dispensare,
1402 1271 1455 1358 vel

67 1425 69 1430 .
199 1375 337 1459 aliquam
360 1373 544 1440 facultatem
566 1375 705 1440 tribuere
729 1393 821 1460 super
843 1375 1023 1458 praemissis
1046 1375 1255 1459 dispensandi,
1278 1393 1334 1441 seu
1355 1373 1455 1440 babi-

200 1478 323 1557 litandi,
346 1481 379 1544 et
397 1479 429 1560 in
451 1478 760 1568 pristinumjstatum
790 1477 976 1544 restituendi
1000 1479 1095 1544 etiem
1130 1480 1165 1544 ιιι·
1190 1479 1254 1544 loro
1288 1479 1455 1544 censcien-

200 1583 286 1660 tiae;
310 1601 407 1666 neque
430 1583 524 1647 etiem
548 1581 696 1666 derogare
717 1582 939 1648 Constitutioni
961 1599 1031 1648 eum
1054 1582 1212 1665 oportunis
1225 1581 1453 1648 declarationi·

206 1687 264 1750 bus
284 1685 388 1765 editae
410 1705 429 1752 a
450 1685 503 1752 iel.
522 1684 638 1753 record.
662 1686 831 1752 Benedicto
852 1685 936 1752 XIV.
993 1685 1231 1778 Praedecessore
1250 1686 1365 1750 Nostro
1401 1685 1454 1750 in-

98 1805 101 1812 ·
204 1791 314 1874 cipieu,
359 1790 597 1856 Sacramentum
628 1791 835 1872 poenitentioe
857 1791 912 1854 sub
944 1789 1054 1858 datum
1083 1788 1226 1854 kalendis
1246 1789 1337 1854 Junii
1366 1810 1454 1856 anno

203 1894 428 1960 incarnationis
451 1894 633 1964 Dominicae
655 1895 748 1964 1741.
794 1895 999 1989 Ροιιιιιιοιιιιι
1022 1893 1070 1958 ιιι
1091 1912 1170 1958 anno
1193 1893 1301 1976 primo.
1336 1894 1457 1978 Neque

202 1997 327 2062 ιιοιιιιιιιι
351 1998 474 2064 easdem
497 1999 674 2081 praesentes
693 1998 742 2077 iis,
765 1998 818 2082 qui
839 2019 860 2064 a
881 1999 979 2064 Nobis
1002 2000 1035 2064 et
1055 1997 1236 2083 Apostolica
1268 1996 1367 2075 Sede,
1403 1999 1453 2064 vel

202 2101 241 2168 ab
266 2102 369 2189 aliquo
390 2101 552 2184 Praelato,
577 2119 632 2167 seu
653 2103 675 2168 J
678 2103 765 2168 adice
785 2103 992 2168 ecclesiastico
1024 2101 1207 2167 nominatim
1239 2103 1454 2167 excommuni-

68 2204 70 2208 ’
205 2205 278 2284 οιιι,
303 2207 453 2290 suspensi,
476 2206 646 2285 interdicti,
667 2225 722 2272 sen
743 2208 821 2272 alias
843 2207 875 2271 ιιι
898 2207 1068 2272 sententias
1084 2207 1116 2271 et
1137 2224 1282 2271 censuras
1299 2205 1454 2273 incidisse

189 2307 369 2386 ·.declersti,
392 2308 442 2373 vel
463 2309 585 2392 publice
609 2309 788 2375 denunciati
811 2310 937 2389 luerint,
960 2310 1020 2375 nisi
1042 2311 1125 2375 intra
1137 2311 1260 2393 tempus
1272 2309 1346 2374 anni
1358 2329 1454 2392 prae-

78 2437 81 2442 ·
205 2412 281 2477 dicti
300 2412 521 2492 satisfecerint,
544 2415 668 2480 etcum
693 2414 844 2498 partibus,
865 2414 919 2489 ubi
950 2433 1025 2498 opus
1046 2413 1150 2493 fuerit,
1184 2413 1452 2495 concordaverint,

203 2515 267 2580 ullo
289 2515 381 2581 modo
403 2515 570 2600 suffragari
590 2535 692 2599 posse,
711 2519 767 2582 aut
791 2511 912 2585 deber'e.

141 2607 143 2612 ’
311 2617 474 2686 Caeterum
498 2619 524 2684 si
545 2619 598 2703 qui
613 2621 684 2703 post
705 2620 883 2713 inchoatum
907 2620 999 2704 hujus
1010 2619 1149 2686 lubilaei
1165 2621 1370 2704 consequendi
1383 2620 1454 2686 ani-

166 2733 171 2745 ·
211 2741 262 2788 mo
283 2723 542 2806 praescriptorum
567 2743 693 2808 operum
707 2726 952 2808 implementum
982 2726 1083 2791 mocte
1113 2725 1273 2808 praeventi
1303 2725 1455 2808 praelini-
1545 2800 1546 2805 ἵ

122 2815 125 2820 ’
201 2826 270 2890 trum
294 2825 508 2902 visitationum
533 2847 695 2915 numerum
717 2829 869 2912 complere
892 2829 1097 2912 nequiverint,
1113 2847 1168 2894 nos
1182 2829 1250 2912 piae
1267 2830 1450 2914 promptae·
1544 2818 1546 2845 ³

151 3001 154 3008 ,
202 2947 261 3013 que
281 2929 583 2997 illorum-voluntati
607 2933 738 3018 benigne
761 2933 865 2999 favere
888 2933 1065 3017 cupientes,
1092 2933 1215 3022 eosdem
1246 2952 1317 2998 vere
1339 2933 1450 3017 poeni-

200 3035 304 3105 tentes
326 3036 359 3099 et
381 3034 534 3102 confessos
556 3055 591 3104 ac
614 3035 709 3103 Sacra
731 3036 952 3103 Communione
975 3037 1105 3102 resectos
1126 3036 1305 3120 praedictae
1336 3036 1451 3102 Indul-

98 3147 101 3152 '
139 3200 146 3205 ,
203 3137 328 3233 gantiae
349 3137 381 3202 et
412 3137 603 3204 remissionis
626 3139 791 3224 participes
813 3140 939 3224 perinde
968 3139 1036 3206 fieri
1056 3140 1218 3220 volumus,
1250 3139 1334 3206 acsi
1356 3159 1452 3225 pree-

158 3234 168 3264 ⁷
203 3239 304 3306 dictas
324 3240 479 3306 Ecclesiae
502 3240 611 3306 diebus
632 3243 831 3326 praescriptis
854 3243 956 3326 reipsa
977 3242 1168 3310 visitassent.
1200 3241 1248 3306 'Si
1267 3241 1320 3326 qui
1344 3242 1453 3308 autem

153 3381 155 3386 .
203 3346 273 3428 post
297 3344 442 3411 obtentas
463 3345 569 3430 vigore
589 3346 795 3444 praesentium
821 3347 1029 3414 absolutiones
1060 3367 1079 3413 a
1098 3346 1254 3426 censuris,
1285 3347 1341 3412 ant
1363 3349 1454 3413 vote

203 3468 272 3514 rum
297 3450 564 3531 commutationes,
586 3470 641 3517 seu
666 3451 909 3536 dispensationes
943 3452 1117 3536 praedictas
1150 3450 1266 3517 serium
1299 3450 1380 3516 illud
1417 3471 1455 3516 ac

109 3577 111 3582 ·
204 3553 358 3618 sincerum
381 3553 421 3619 ad
447 3553 480 3618 id
514 3554 591 3620 elias
624 3555 809 3640 requisitum
832 3555 1020 3639 propositum
1055 3555 1195 3640 ejusdem
1228 3555 1367 3624 lubilaei
1403 3554 1455 3621 lu·

188 3656 324 3734 orandi,
348 3675 384 3723 ιο
405 3656 531 3740 proinde
553 3659 673 3742 relique
695 3660 742 3726 'ad
765 3659 796 3724 id
816 3658 998 3726 lucrandum
1022 3661 1194 3726 necessaria
1221 3671 1315 3744 opera
1347 3657 1454 3724 adim·

207 3759 314 3844 plendi
334 3760 545 3843 mutaverint,
568 3761 642 3827 licet
667 3765 792 3847 propter
817 3762 973 3848 idipsum
998 3783 1016 3828 a
1038 3765 1157 3848 peccati
1180 3765 1269 3830 reatu
1299 3763 1457 3828 immunes

183 3871 185 3876 ’
206 3864 323 3930 censeri
344 3864 393 3928 vix
413 3865 548 3954 possint,
583 3865 680 3932 nihilo
701 3867 803 3936 minus
834 3867 1021 3952 hujusmodi
1040 3869 1172 3934 absolut
1149 3872 1248 3934 trenes
1280 3869 1457 3949 commuta·

206 3965 316 4046 tiones,
337 3967 369 4031 et
390 3966 633 4052 dispensationes
655 3971 726 4036 ab'
719 3970 793 4054 ipsis
815 3989 883 4038 cum
907 3971 1066 4054 praedicte
1086 3972 1286 4056 dispositione
1309 3970 1457 4069 obtentas

206 4071 239 4137 in
262 4088 318 4136 suo
340 4071 446 4155 vigore
468 4065 633 4162 persistere
656 4073 849 4166 deceruimus
870 4095 907 4142 ac
929 4075 1133 4174 declaramus

311 4173 495 4271 Praesentes
518 4197 638 4262 quoque
660 4163 783 4266 litteras
803 4185 857 4264 per
879 4159 981 4246 omnia
1003 4180 1123 4246 validas
1155 4181 1187 4245 et
1216 4177 1357 4244 eibcaces
1386 4180 1456 4245 exi-

213 4279 295 4348 stere
315 4297 448 4363 suosque
471 4280 623 4364 plenarios
646 4283 784 4362 effectus,
812 4285 998 4369 ubicumque
1025 4305 1079 4370 per
1110 4286 1246 4352 locorum
1274 4282 1458 4349 ordinarios

207 4380 385 4464 publicatae
408 4384 440 4448 et
463 4385 659 4469 exequutioni
681 4387 884 4472 demandatae
904 4389 1027 4469 fuerint,
1046 4388 1149 4455 sortiri
1171 4383 1364 4468 aschemere,
1388 4408 1457 4454 em·

140 4521 142 4523 -
207 4477 366 4580 nibns'que
382 4486 643 4555 christifidelibus
667 4490 699 4555 in
727 4491 923 4576 Apostolicae
956 4491 1044 4557 Sedis
1077 4493 1180 4576 gratia
1213 4493 1245 4556 et
1278 4491 1457 4560 obedientis

208 4589 406 4654 manentibus
427 4589 460 4655 in
481 4590 659 4675 hujusmodi
688 4591 763 4674 locis
787 4579 1073 4676 commorantibus,
1089 4595 1153 4661 sive
1177 4593 1217 4660 ad
1240 4595 1296 4662 ille
1316 4597 1456 4678 postmo
