3150 4978
181 289 224 356 38
284 303 426 362 66666666.
446 303 751 362 DesPoewtierttiote
767 301 945 358 Romanum
954 299 1217 358 mttbtstortseber
1231 301 1424 372 Etulee‘teertp.
1555 338 1556 364 r

291 477 418 546 Glosse:
452 477 598 544 Proterve
620 473 652 542 id
675 477 732 557 666,
759 473 865 559 inique
885 473 1011 559 injuste,
1036 476 1204 559 protervus,
1227 472 1426 554 oondtiosae,

182 585 344 671 impotens,
368 580 498 667 superbe
527 578 609 659 linit,
632 578 748 666 plaeat,
771 579 904 659 blandit,
926 578 1023 645 unxit.

393 737 394 748 ,
530 684 639 769 (Mers.
658 703 684 752 6.
709 684 760 751 76.
785 683 914 764 (habens
935 681 966 748 X
990 682 1074 769 anu.)

288 789 431 856 LXVIH.
455 787 489 855 Si
503 788 573 874 quis
584 806 661 873 puer
675 806 788 873 parvus
804 806 966 872 oppressus
978 786 1120 874 amajore
1132 786 1327 854 habensann.
1337 787 1426 858 XX:

184 895 247 963 VII
266 893 332 960 dies
353 892 473 978 jejunet
495 893 527 958 et
550 890 578 956 si
596 891 783 958 consenserit
804 891 865 957 XX
885 890 950 957 dies
971 891 1128 976 peniteat..

431 1059 435 1069 ‚
598 1038 600 1042 -
666 982 822 1079 (Mareu.
849 995 935 1080 105.)

287 1097 445 1166 LXVIIII.
480 1097 513 1165 Si
535 1098 622 1185 pueri
655 1117 687 1165 66
716 1099 847 1166 invicem
867 1098 1074 1184 percusserint
1103 1097 1166 1165 VH
1187 1098 1253 1166 dies
1279 1099 1427 1184 peniteat,

184 1204 211 1272 ei
233 1205 339 1271 autem
356 1204 471 1289 majore
495 1205 578 1272 etate
600 1203 726 1284 inerint,
750 1203 804 1270 XL
827 1204 892 1270 dies
911 1205 1080 1290 peniteant.

287 1305 411 1374 Glossa:
434 1308 524 1390 ietus,
547 1299 745 1392 pereamus(
811 1387 814 1395 .

289 1529 386 1598 LXX.
409 1530 535 1625 Siquis
557 1553 612 1618 per
633 1429 1153 1600 rixfflircstuodetjmtiathominem
1175 1533 1286 1600 reddat
1308 1533 1429 1618 impen-

185 1654 236 1701 666
259 1634 290 1700 in
315 1635 449 1704 medicos
470 1639 502 1703 et
525 1638 644 1704 maoule
669 1637 802 1722 pretium
825 1639 949 1722 etopus
972 1637 1046 1722 ejus,
1071 1637 1166 1704 donee
1185 1639 1312 1704 sanetur
1335 1631 1428 1704 resti-

184 1738 256 1804 tuat
278 1740 310 1805 et
329 1739 372 1805 VI
393 1759 513 1807 menses
534 1740 673 1848 peniteat
696 1743 728 1807 et
749 1741 776 1806 si
798 1761 858 1807 non
880 1742 976 1808 babet
997 1741 1077 1807 unde
1100 1742 1249 1808 restituat
1263 1762 1358 1807 unum
1371 1762 1429 1807 en·
1455 1785 1459 1794 -
1558 1759 1559 1840 ᾖ

186 1860 261 1908 num
280 1844 419 1928 peniteat
437 1846 470 1911 66
488 1846 542 1930 qui
563 1846 662 1912 iatum
685 1844 806 1911 dederit
824 1847 856 1912 et
878 1866 937 1913 non
960 1845 1100 1914 nocuerit
1121 1845 1176 1911 XL
1189 1846 1254 1912 dies
1276 1847 1426 1932 peniteat,
1558 1853 1559 1862 ’

187 1947 213 2012 ei
236 1946 367 2013 olerieus
383 1950 431 2014 666
451 1949 588 2034 medium
611 1969 726 2015 annum
743 1950 890 2034 peniteat.

684 2069 791 2154 (Mers.
814 2088 840 2137 6.
863 2071 929 2155 66.)

292 2173 405 2242 LXXI.
429 2173 550 2258 Siquis
572 2174 700 2242 fratrem
727 2193 817 2240 suum
838 2193 907 2240 eum
927 2174 1029 2240 furore
1041 2173 1210 2254 maledicit,
1232 2174 1355 2258 placeat
1377 2175 1428 2240 oui
1559 2213 1560 2252 6

189 2277 353 2344 maledixit
372 2281 404 2344 et
426 2279 486 2345 VII
506 2277 572 2344 dies
591 2279 730 2363 peniteat
751 2278 785 2343 in
808 2297 886 2362 6666
910 2280 941 2343 66
963 2297 1053 2362 aqua.

293 2503 422 2571 LXXII.
444 2503 476 2570 Si
499 2495 569 2587 'spuis
581 2401 789 2570 conpeffioesrsg
809 2400 1010 2601 (66ῗέ666666
1030 2504 1182 2571 senteutIe
1193 2523 1226 2570 66
1237 2503 1368 2583 666666;
1380 2504 1425 2570 siu

188 2609 293 2674 autem
313 2608 603 2688 anathematizetur,
628 2610 664 2674 ut
688 2628 706 2674 a
726 2627 820 2693 regno
838 2608 888 2674 dei
908 2609 1027 2674 alienus
1047 2609 1098 2675 sit.

297 2711 424 2780 Glossa:
445 2713 747 2780 Anathematizatus.
771 2713 913 2798 perditus
936 2733 989 2780 seu
1012 2713 1238 2781 abominabilis.

689 2836 795 2916 (Mers.
817 2855 843 2902 6.
865 2835 932 2921 68.)

291 2939 437 3006 LXXIII.
465 2938 499 3004 Si
526 2939 595 3023 quie
615 2959 707 3006 eausa
737 2940 851 3005 invidie
872 2939 1011 3008 detrahit
1038 2940 1088 3005 vel
1114 2938 1248 3004 libenter
1276 2937 1364 3004 audit
1390 2939 1428 3005 de

188 3042 365 3109 trahentem
396 3043 445 3108 III
466 3042 531 3108 dies
558 3043 689 3128 inpane
717 3046 749 3109 66
778 3063 859 3128 6666
878 3042 1026 3129 peniteat.
1066 3043 1099 3110 Si
1128 3061 1200 3110 vero
1228 3042 1265 3108 de
1284 3041 1344 3121 his,
1375 3042 1429 3127 qui

190 3148 303 3230 preest,
321 3145 382 3213 VII
402 3146 467 3213 dies
487 3150 647 3231 separatus
661 3147 809 3232 peniteat.

685 3252 793 3337 (Mers.
815 3271 841 3319 6.
863 3243 948 3338 69.)

292 3355 456 3422 LXXIIII.
491 3353 525 3421 Si
545 3356 613 3439 quis
633 3353 765 3422 'delatus
794 3357 825 3421 et
846 3355 964 3422 delator
991 3355 1161 3440 negaverit,
1191 3375 1287 3421 unum
1316 3375 1430 3421 annum

188 3459 326 3544 penIteat
346 3461 378 3525 et
404 3459 438 3524 in
466 3458 636 3525 ebdomada
655 3457 688 3528 II
707 3459 773 3525 dies
803 3459 836 3525 in
869 3479 946 3544 pane
967 3460 999 3525 et
1020 3477 1108 3543 aqua.
1154 3459 1297 3526 Biduana
1316 3460 1350 3526 in
1370 3460 1431 3526 fine

190 3564 282 3640 unius
304 3563 419 3630 mensis
438 3563 543 3630 faeiat.

297 3666 423 3733 Glossa:
445 3665 583 3746 Delator,
604 3667 637 3732 id
658 3670 706 3737 est
727 3665 876 3743 diabolus,
897 3665 945 3732 vel
966 3666 1155 3734 criminator.

690 3788 795 3873 (Mers.
818 3809 843 3856 6.
866 3791 932 3875 76.)

292 3891 418 3958 LXXV.
449 3888 483 3957 Si
503 3891 572 3976 quis
593 3891 812 3959 verbositatem
832 3892 976 3979 diIIgens,
998 3896 1034 3959 ut
1052 3893 1083 3958 in
1105 3893 1234 3960 tratrem
1254 3893 1382 3979 deroget
1400 3895 1433 3959 H

191 3995 258 4062 dies
277 3996 383 4060 666666
404 3995 545 4079 peniteat
564 3998 619 4062 aut
641 3996 703 4063 XII
723 4016 769 4082 ps.
792 3998 893 4064 66666.

296 4097 423 4166 Glosea:
456 4099 626 4167 verbositas
651 4100 683 4168 id
711 4103 758 4168 666
786 4103 885 4190 multa
919 4101 1040 4184 eloquia
1072 4102 1104 4168 et
1129 4100 1255 4166 inutilia
1274 4101 1433 4187 derogare,

192 4203 365 4289 detrahere,
386 4202 569 4290 vituperare.

295 4426 438 4496 LXXVI.
460 4428 492 4496 si
526 4431 594 4514 quis
615 4451 670 4515 per
691 4327 1098 4516 (ἓξ6ἰ660666ῗ66666666,
1119 4429 1304 4495 confiteatur
1324 4427 1361 4511 ei,
1384 4430 1434 4494 oui

193 4535 342 4603 mentitus
364 4533 418 4616 666
439 4535 494 4600 666
522 4537 627 4600 666666
655 4553 716 4599 666
744 4534 820 4599 hore
849 4536 904 4599 aut
932 4537 1025 4600 66666
1051 4553 1097 4618 66.
1118 4534 1190 4600 XII.
1236 4533 1269 4600 si
1289 4552 1360 4599 vero
1379 4553 1434 4616 per

185 4639 362 4708 niustriam
400 4638 554 4705 mentitur
574 4639 643 4705 IIII
662 4637 771 4705 diebus
790 4637 896 4706 taoeat
917 4641 972 4705 aut
992 4639 1098 4706 666666
1117 4658 1162 4724 66.
1183 4637 1328 4705 XXXVI.
