3120 4956
154 261 523 348 Pro-nn1xnpar0m'
542 277 709 346 mimeram
728 278 757 332 o.
775 277 821 335 ar.
841 277 914 332 nec.
934 277 1021 334 1874.
1039 277 1149 344 (Joorr.
1165 276 1263 343 onec.)
1308 259 1371 324 365
1409 230 1412 236 ’

122 449 300 529 indicente,
317 449 421 516 tanto'
437 448 601 550 christiani
630 448 736 540 populi
766 449 883 516 fervore
906 449 964 515 boc
996 425 1181 515 beneficium
1198 401 1395 542 '‘xerceptum‘*
1472 490 1475 494 ν

123 554 198 634 luit,
217 555 254 618 nt
277 552 360 618 idem
381 551 526 618 Pontifex
546 553 730 636 perpetuum
753 551 786 616 in
808 552 888 618 hano
910 551 1026 617 Urbem
1054 552 1287 638 peregrinorum
1317 569 1372 636 per

123 660 229 724 totum
252 675 365 722 annum
387 671 568 734 concursum
590 651 736 735 adfuisse,
760 658 791 722 et
805 652 983 742 religionis,
1003 647 1149 740 pietatis,
1172 655 1263 736 fidei,
1292 655 1373 720 cari·

121 759 215 838 tatis,
239 757 438 841 omniumque
461 757 613 824 virtutum
639 757 832 842 splendorem
855 759 888 824 in
912 778 949 824 ca
968 759 1098 825 mirifice
1131 758 1264 826 eluxisse
1297 779 1373 844 gra·
1399 801 1422 810 --
1468 841 1471 846 Ι

125 863 221 928 tulari
250 861 396 946 potuerit.
448 862 577 939 Utinam
611 880 648 926 ca
668 881 749 927 nunc
767 861 882 927 Nostra¹
912 862 950 928 et·
973 862 1112 928 ciuilium
1141 881 1178 930 ac
1213 880 1372 927 sacrarum

125 981 228 1033 rernm
252 965 387 1031 conditio
409 967 507 1046 esset,
541 967 577 1029 nt
608 984 701 1048 quam
727 961 865 1032 Jubilaei
887 965 1014 1031 maximi
1033 965 1262 1032 solemnitatem
1293 985 1373 1031 anno

126 1071 222 1155 hujus
244 1070 360 1136 saeculi
383 1069 476 1137 1850.
500 1070 720 1149 occurrentem,
748 1071 871 1155 propter
893 1071 1067 1162 luctuosam
1089 1072 1263 1154 temporum
1276 1069 1374 1136 ratic·

125 1194 196 1239 nem
218 1172 441 1239 Nosomittere
460 1171 633 1250 debuimus,
655 1191 737 1238 nunc
758 1172 868 1239 saltem
892 1172 1008 1238 felicita
1020 1173 1191 1239 rcelebrare
1215 1192 1372 1258 possemus

115 1270 215 1361 ”juxta
236 1278 372 1342 retorem
394 1275 484 1340 illum
507 1263 604 1341 ritum
628 1277 659 1342 et
679 1283 817 1357 nro'rem,
833 1296 924 1360 quem
948 1277 1099 1374 Majores,
1116 1277 1214 1345 nostri
1252 1297 1393 1354 servare,

127 1367 369 1447 consueverunt!
414 1381 473 1458 nt,
493 1380 556 1445 Deo
578 1379 622 1444 sio
643 1373 856 1463 permittente,
877 1400 937 1447 non
962 1380 1053 1446 modo
1076 1401 1135 1446 non
1159 1379 1301 1446 sublatae
1314 1382 1369 1446 sed

20 1470 24 1476 ¹
87 1568 91 1578 ,
130 1485 241 1550 auctae
264 1484 366 1568 magis
389 1483 421 1546 in
438 1482 504 1547 dies
528 1485 602 1548 sunt
620 1502 751 1568 magnae
774 1484 846 1548 illae
863 1483 1083 1563 difficultates,
1103 1503 1182 1568 quae
1203 1487 1373 1550 tunotem-

132 1588 215 1672 poris
237 1587 301 1652 Nos
329 1587 368 1653 ab
390 1585 552 1680 indicendo
571 1586 716 1652 Jubilaeo
740 1576 977 1670 prohibuerunt.¹
1031 1587 1251 1655 Verumtamen
1280 1607 1370 1672 repu-

131 1692 236 1757 tantes
258 1691 323 1756 Nos
347 1689 451 1780 animo
472 1692 521 1756 tot
540 1691 632 1770 mala,
656 1709 734 1774 quae
764 1690 934 1757 Ecclesiam
966 1691 1129 1776 affligunt,
1163 1693 1212 1756 tot
1243 1695 1371 1758 mustus

113 1783 268 1861 'hostium
291 1794 357 1879 ejus
377 1793 417 1858 ad
443 1792 560 1884 Christi
580 1793 671 1858 tidem
696 1811 741 1858 ex>
754 1794 866 1876 animis
876 1793 1097 1876 revellendam,
1120 1792 1160 1859 ad
1178 1811 1287 1862 sanum
1301 1796 1373 1862 doc·
1506 1864 1509 1869 ,

130 1899 245 1964 trinam
274 1898 528 1982 corrumpendam
555 1899 587 1964 at
614 1897 787 1981 impietatis
821 1898 907 1963 virus
937 1897 1172 1982 propagandum
1201 1917 1372 1978 conversos,

133 2004 182 2067 tot
205 2001 362 2082 scandala,
381 1993 470 2085 qnae
488 2001 520 2066 in
545 2000 669 2067 Christo
696 2001 891 2078 credentibus
921 2001 1034 2086 ubique
1058 1999 1269 2084 objiciuntur,
1306 2022 1373 2067 eor·

135 2107 288 2190 ruptelam
313 2125 432 2171 morum
454 2105 519 2170 late
539 2108 728 2184 manantem,
746 2120 788 2170 'ac
808 2107 930 2190 turpem
953 2105 1126 2171 divinorum
1149 2105 1368 2171 bumanorum-

136 2229 195 2292 que
211 2209 329 2294 jurium
352 2210 540 2276 eversionem
562 2212 628 2275 tam
652 2210 716 2276 late
738 2201 893 2288 diffusam,
916 2210 965 2276 tot
984 2194 1147 2275 fecundam
1170 2209 1278 2288 ruinis,
1293 2228 1372 2293 quae

137 2314 299 2397 adipsum
323 2314 400 2380 recti
427 2333 550 2379 sensum
573 2314 604 2380 in
627 2314 787 2380 bominum
819 2315 931 2380 animis
953 2313 1204 2380 labefactandum
1234 2315 1372 2396 spectat;
1458 2324 1461 2330 '

132 2437 169 2484 ac
191 2416 419 2483 considerantes
437 2417 469 2482 in
493 2421 583 2484 tanta
605 2419 745 2503 congerie
767 2419 931 2498 malorum,
954 2417 1066 2502 majori
1087 2419 1182 2483 etiam
1205 2417 1303 2482 Nobis
1317 2437 1371 2501 pro

132 2521 309 2604 Apostolico
330 2521 445 2586 Nostro
464 2515 591 2588 munero
615 2542 705 2588 curae
726 2541 792 2588 esse
816 2523 936 2604 debere,
959 2523 996 2588 nt
1017 2521 1104 2601 fides,
1128 2520 1238 2606 religio
1261 2522 1372 2605 sopie-

131 2633 180 2690 tas
203 2624 362 2692 muniatur
384 2643 420 2689 ac
442 2625 558 2709 rigeat,
579 2627 615 2706 ut
636 2633 762 2709 precum
783 2627 910 2710 spiritus
931 2627 996 2692 late
1025 2626 1167 2691 foveatur
1190 2627 1223 2692 et
1253 2645 1372 2711 augea·

66 2753 69 2757 ·
130 2732 191 2810 tur,
215 2731 252 2792 ut
273 2727 416 2812 lapsi'ad
439 2729 537 2794 cordis
558 2729 781 2812 poenitentiam
803 2733 835 2795 et
857 2739 978 2796 mor'um
1008 2727 1252 2796 emendationem
1283 2731 1366 2796 erci-

130 2833 246 2912 tcntur,
268 2834 305 2897 nt
326 2834 463 2915 peccata,
488 2851 567 2915 qnae
589 2833 668 2897 iram
692 2833 756 2907 Dei¹
773 2834 961 2910 meruerunt,
984 2831 1100 2897 sanctis
1122 2833 1264 2923 operibns
1284 2833 1366 2899 redi·

131 2937 266 3014 mantur,
291 2954 366 3020 quos
389 2937 428 3000 ad
449 2935 570 3002 fructus
592 2936 719 3002 maximi
746 2935 883 3002 Jubilaci
914 2935 1080 3009 celebratio
1111 2935 1274 3020 praecipue
1295 2933 1366 3002 diri·

130 3029 233 3125 gitnrss
266 3039 334 3124 pati
368 3039 434 3138 Nos
455 3059 514 3105 non
544 3038 655 3106 debere
677 3041 865 3124 putavimus,
896 3041 935 3134 pt
972 3039 1030 3106 hoc
1058 3037 1190 3106 salutari
1224 3040 1370 3120 benefico,

130 3145 310 3210 servataea
332 3143 440 3224 forma,
464 3153 557 3228 quam
576 3145 754 3228 'temporum
785 3143 920 3210 conditio
943 3143 1028 3225 sinit,
1053 3143 1243 3210 christianus
1273 3163 1371 3228 popu·
1403 3222 1404 3226 Ἰ

129 3247 177 3313 lus
199 3247 313 3340 inviis
332 3247 474 3332 justitiae
496 3247 529 3312 in
552 3247 618 3313 dias
640 3249 771 3314 alacrior
792 3247 927 3328 incedat,
951 3250 984 3313 et
1009 3247 1150 3332 expiatus
1173 3247 1271 3332 culpis
1291 3249 1369 3314 faci-

128 3351 189 3417 lius
209 3371 245 3417 ao
263 3351 387 3418 uberius
410 3349 549 3416 divinam
571 3351 820 3436 propitiationem
843 3353 875 3417 et
900 3349 1021 3418 neniam
1042 3354 1234 3435 assequatur.
1278 3353 1371 3420 Exci-

127 3455 192 3539 piat
211 3456 310 3542 igitur
331 3455 475 3521 universa
498 3453 615 3520 Christi
639 3455 779 3521 militans
801 3455 940 3521 Ecclesia
962 3473 1052 3520 voces
1073 3455 1223 3537 Nostrae,
1257 3455 1369 3540 quibus

129 3559 168 3625 ad
191 3559 257 3644 ojus
279 3559 508 3638 exaltationem,
528 3558 568 3623 ad
591 3557 762 3625 Christiani
783 3548 888 3644 populi
910 3559 1184 3630 sanctificationem
1197 3559 1230 3623 et
1252 3557 1291 3623 ad
1311 3557 1370 3624 Dei

105 3711 108 3716 -
127 3663 257 3748 gloriam
270 3664 443 3731 universale
456 3663 683 3749 maximumque
707 3663 728 3730 J
732 3663 887 3731 ubilaeum
910 3663 1033 3750 integro
1045 3683 1115 3728 ann.
1131 3661 1214 3727 1875
1231 3662 1370 3745 proxime
1490 3713 1492 3718 .

115 3766 301 3850 ,insequenti
323 3767 507 3832 duraturum
529 3767 696 3852 indicimus
718 3768 942 3834 annunciamus
966 3756 1259 3851 etpromulgamus3
1280 3767 1368 3851 cujus
1398 3819 1400 3824 .

127 3869 264 3938 Jubilaoi
286 3889 379 3937 causa
401 3874 432 3936 et
451 3870 570 3935 intuitu
590 3871 729 3954 superius
742 3873 944 3937 memoratam
958 3870 1186 3956 indulgentiam
1210 3871 1367 3938 occasione

126 3972 273 4039 Vaticani
295 3972 425 4039 concilii
448 3973 601 4042 informa
623 3972 760 4039 Jubilaei
782 3992 968 4054 concessam,
992 3974 1031 4040 ad
1053 3965 1280 4058 beneplacitum
1303 3975 1374 4042 No·‘

126 4079 226 4143 strum
249 4080 281 4143 et
302 4077 396 4162 bujns
420 4077 619 4160 Apostolicae
640 4077 729 4145 Sedis
748 4079 916 4162 suspendes
938 4098 974 4143 ac
995 4097 1176 4162 suspensam
1206 4080 1367 4146 declaran-

55 4244 66 4250 -
124 4182 181 4260 tes,
195 4180 367 4247 caelestem
390 4181 479 4246 illum
502 4173 687 4247 thesaurum
706 4181 860 4248 latissime
881 4182 1080 4262 recludimus,
1104 4203 1196 4267 quem
1217 4201 1252 4248 ex
1276 4182 1368 4248 Obri-

123 4286 165 4382 sti
185 4284 312 4378 Domini
333 4284 459 4370 ejusque
490 4284 628 4370 Virginis
657 4284 770 4351 Matris
801 4286 998 4370 omniumque
1027 4288 1203 4382 sanctorum
1234 4284 1366 4364 meritis,

117 4387 315 4472 passionibus
336 4406 372 4453 ac
394 4388 562 4454 vitutibus
585 4376 1365 4473 comparatum,'auotorsalutisbumanaodispen-

122 4490 236 4556 sationi
258 4490 392 4556 Nostrae
414 4481 614 4560 concredidit.

227 4595 335 4679 ltaque
353 4594 412 4660 Dei
433 4593 644 4664 misericordia
676 4596 709 4661 et
733 4597 899 4662 Beatorum
933 4596 1019 4662 Petri
1051 4597 1083 4661 et
1111 4595 1203 4664 Pauli
1232 4596 1364 4678 Aposto-
