3096 4972
280 299 432 358 Berriecb.
454 301 619 372 'Pylicbtaa
637 305 690 360 des
705 303 852 374 Psarrars
871 306 931 362 baa.
950 308 1005 364 der
1024 305 1211 380 Sttftarryerr.
1297 292 1362 358 455

122 474 277 553 fidelibus·
290 474 404 554 oblata,
426 495 505 559 quae
524 475 611 559 rejici
635 494 694 543 nou
717 477 857 558 possent,
888 477 955 541 tum
983 477 1022 546 ob
1046 477 1125 548 alius
1146 497 1255 548 causas
1278 481 1360 568 legi·

122 579 199 644 time
217 582 414 672 excusantem
434 577 587 661 simulque
611 578 754 664 proposui
777 578 1002 662 quaestionem,
1026 600 1065 648 au
1089 583 1301 650 sacerdotibus
1324 585 1362 652 ob

122 683 301 766 hujusmodi
325 702 442 772 causae
463 682 627 768 quominus
646 682 706 766 ipsi
728 682 934 767 adimplerent
956 684 1034 750 istas
1057 685 1260 767 fundationes,
1283 689 1362 774 legi·

121 787 198 854 time
221 779 380 871 impeditis
402 787 519 865 liceret,
543 786 633 852 alteri
657 785 818 866 sacerdoti,
842 788 892 851 cui
916 789 1025 856 missas
1044 790 1362 876 fundatasapplican·

121 891 176 956 das
196 891 349 968 oederent,
373 891 446 956 dare
459 889 675 955 tantummodo
698 889 886 973 stipendium
909 889 1124 958 ordinarium?
1166 893 1260 961 Sacra
1281 895 1362 963 Gon·
1453 931 1456 937 f

120 995 263 1082 gregatio
284 994 413 1062 Consilii
431 993 604 1059 Tridentini
639 993 843 1077 interpretum
873 993 904 1059 in
937 994 1071 1063 comitiis
1095 997 1212 1064 habitis
1244 997 1274 1066 d.
1310 1001 1360 1069 18.

119 1098 200 1167 Julii
240 1089 323 1163 Ι1868
355 1095 445 1182 juxta
480 1095 617 1180 exposita
653 1097 810 1181 integrum
849 1097 1028 1164 soluendum
1066 1119 1131 1168 esso
1171 1102 1362 1188 stipendium

118 1201 255 1268 resolvit.

223 1324 297 1389 Jam
317 1342 388 1388 vero
411 1320 577 1387 nonnullae
598 1321 679 1388 aliae
701 1321 732 1386 in
753 1322 815 1387 -hae
828 1324 969 1388 materia
985 1325 1107 1391 exortae
1129 1327 1203 1391 sunt
1225 1324 1361 1394 difficul-

121 1429 214 1506 tates,
237 1427 357 1511 quibus,
382 1429 418 1492 ut
440 1427 611 1509 opportuna
633 1425 818 1492 adhibeatur
840 1426 971 1508 medela,
994 1427 1171 1495 humillimo
1190 1431 1337 1515 supplico.

222 1549 246 1614 l.
293 1546 413 1612 Multae
436 1545 519 1612 enim
538 1547 570 1611 in
594 1547 731 1612 eeclesiis
743 1549 971 1631 parochialibus
989 1549 1137 1616 furientes
1150 1553 1224 1616 suut
1246 1551 1358 1618 missae

117 1653 289 1719 cantandae
320 1651 384 1716 sire
418 1669 472 1734 pro
504 1650 583 1714 vivis
604 1651 668 1716 sive
689 1671 744 1734 pro
767 1651 937 1731 defunctis,
972 1653 1084 1737 quibus
1106 1651 1359 1738 alandatoribus
1442 1708 1448 1721 .

117 1757 277 1842 assignata
297 1757 345 1820 est
367 1754 421 1820 dos
441 1755 586 1838 pinguior
616 1755 655 1820 ab
683 1755 828 1821 ecclesiae
861 1756 1069 1840 provisoribus
1101 1757 1358 1844 administranda,

118 1881 154 1926 ex
176 1880 237 1946 qua
255 1857 399 1954 parochi,
429 1857 543 1942 quibus
565 1877 602 1924 en
621 1859 692 1943 Jure
722 1859 900 1926 dioecesano
938 1863 971 1925 et
997 1863 1216 1927 cousuetudine
1248 1863 1358 1929 harum

119 1965 285 2028 missarum
311 1960 476 2028 celebratio
499 1964 657 2047 competit,
678 1964 902 2050 eleemosynam
925 1965 1105 2032 dioecesana
1124 1965 1357 2051 majoremper·

120 2068 249 2152 cipiunt,
267 2067 352 2134 nullo
375 2069 479 2133 tamen
503 2068 662 2134 sacerdote
691 2081 719 2133 a'
737 2069 953 2134 fundatoribus
983 2069 1022 2135 ad
1049 2069 1107 2134 has
1138 2071 1247 2137 missas
1279 2071 1357 2136 cele·

119 2169 251 2237 brandas
274 2157 412 2256 expresse
434 2173 551 2238 uocato.

221 2291 263 2358 II.
308 2291 345 2358 ln
376 2291 568 2358 celebrandis
597 2292 802 2360 matrimoniis
832 2293 1025 2380 exequiisqua
1052 2294 1266 2361 defunctorum
1286 2297 1359 2381 jura

119 2397 216 2462 stolae
235 2397 367 2480 parocho
389 2416 449 2463 non
469 2397 499 2462 in
525 2397 647 2462 cumulo
667 2397 844 2479 solvuntur,
876 2397 929 2464 sed
954 2399 1039 2463 certa
1070 2398 1171 2483 portio
1199 2383 1358 2486 assignata
1420 2419 1421 2424 ’

119 2501 165 2566 est
189 2521 242 2584 pro
265 2500 396 2584 siugulis
418 2501 538 2567 actibus
560 2501 599 2566 ad
627 2502 684 2592 has
714 2501 886 2568 lunationes
922 2503 981 2568 rite
1011 2502 1225 2588 persolvendas
1254 2502 1358 2590 requi·

118 2603 203 2688 sitis„
243 2605 326 2670 Hinc
348 2607 433 2670 certa
453 2625 572 2690 quoque
594 2605 788 2692 eleemosyna
810 2626 906 2691 eaque
928 2606 1089 2693 pinguior,
1117 2627 1210 2692 quam
1230 2627 1285 2692 pro
1308 2627 1357 2672 ce·

116 2706 191 2773 teris
212 2708 315 2775 missis
339 2709 544 2788 manualibus,
567 2710 605 2775 ab
629 2709 790 2776 Ordinario
812 2711 870 2774 lira
894 2712 941 2775 est
963 2712 1029 2776 tam
1043 2731 1097 2795 pro
1117 2711 1220 2778 missis
1233 2713 1358 2796 nuptia·
1416 2744 1418 2750 ·
1540 2767 1541 2804 3

115 2811 213 2890 libus,
234 2831 325 2896 quam
349 2832 403 2898 pro
426 2813 529 2879 missis
559 2813 784 2900 exequialibus,
814 2833 945 2898 quarum
970 2813 1137 2880 celebratio
1167 2814 1205 2878 de
1229 2815 1301 2897 jure
1325 2817 1357 2882 et

118 2915 336 2982 consuetudine
354 2916 393 2980 ad
415 2916 563 3000 parochos
584 2919 713 3001 spectat.

218 3037 276 3102 Ill.
322 3036 478 3102 Plurimae
500 3056 554 3121 per
576 3057 690 3102 aunum
711 3038 852 3120 parochis
873 3057 893 3104 a
914 3037 1058 3106 fidelibus
1082 3038 1253 3104 offeruntur
1273 3039 1353 3105 elee-

116 3160 259 3226 mosynae
290 3160 344 3224 pro
372 3141 475 3206 missis
496 3141 676 3220 cantandis,
703 3141 767 3206 siue
792 3141 960 3208 secundum
991 3145 1095 3212 texam
1126 3143 1164 3208 ab
1192 3141 1356 3208 Ordinatio

116 3244 326 3324 constitutam,
350 3246 414 3312 sive
437 3246 534 3312 etiam
556 3247 664 3330 sponte
685 3246 853 3313 traduntur
872 3246 1060 3332 pinguiores.

218 3367 320 3449 Quum
343 3369 447 3434 autem
470 3367 595 3451 parochi
617 3387 836 3450 nonnunquam
873 3369 999 3447 morbo,
1032 3367 1195 3446 absentia,
1226 3366 1356 3450 aliisque

117 3470 212 3536 saeris
236 3470 446 3537 functionibus
468 3471 687 3555 impediantur,
710 3472 874 3554 quominus
897 3471 1009 3539 missas
1030 3471 1063 3535 iu
1087 3470 1187 3536 tribus
1211 3471 1356 3536 enuncia·

115 3575 157 3639 tis
180 3575 304 3644 casibus
326 3576 450 3658 ipsimet
472 3575 645 3653 celebrent,
673 3594 778 3641 eorum
809 3577 892 3643 uices
925 3574 1069 3659 supplent
1098 3574 1154 3640 alii
1182 3573 1356 3640 sacerdotes

115 3678 177 3744 sive
196 3678 307 3744 iisdem
325 3679 463 3744 eeclesiis
485 3679 518 3744 in
541 3697 646 3746 eorum
669 3679 858 3761 adjutorium
876 3679 1033 3762 adscripti,
1059 3697 1190 3762 quorum
1205 3677 1355 3744 salarium

114 3783 154 3847 ab
177 3781 323 3849 ecclesiae
345 3776 551 3866 provisoribus
575 3782 721 3861 solvitur,
754 3783 818 3848 siue
839 3784 933 3848 etiam
966 3782 1113 3851 extranei.
1158 3780 1240 3848 Hinc
1262 3801 1356 3864 quao-

115 3885 175 3952 stio
195 3885 302 3964 oritur,
325 3905 366 3952 an
386 3885 513 3970 paroobi
536 3886 567 3950 in
598 3885 707 3962 iisdem
730 3886 830 3955 tribus
859 3887 979 3952 casibus
1007 3884 1220 3955 sacerdotibus
1251 3905 1356 3953 eorum

116 3991 197 4056 vices
220 3989 433 4074 supplentibus
455 3987 575 4054 tradere
594 3989 729 4055 debeant
746 3991 901 4075 integram
924 3990 1169 4074 eleemosynam,
1191 4007 1230 4054 an
1253 3989 1356 4073 potius

115 4093 159 4158 eis
181 4094 230 4158 las
250 4093 302 4170 sit,
326 4094 448 4160 retenta
464 4092 523 4157 sibi
546 4091 643 4176 parte,
669 4093 817 4162 minorem
830 4094 1054 4179 eleemosynam
1068 4093 1141 4158 dare
1164 4091 1356 4160 celebranti?

116 4195 230 4277 Quodsi
253 4197 285 4261 in
313 4197 361 4261 his
391 4197 513 4262 casibus
544 4213 615 4280 pars
645 4197 856 4288 eleemosynae
884 4219 901 4264 a
928 4197 1071 4282 parochis
1103 4198 1190 4264 licite
1228 4196 1356 4262 retineri

114 4302 219 4384 possit,
243 4302 401 4384 quaeritur
423 4301 564 4380 ultanus,
584 4320 621 4365 an
647 4302 687 4366 ab
709 4302 818 4373 iisdem
843 4303 1013 4370 celebranti
1035 4301 1191 4372 sacerdoti
1209 4300 1355 4369 soluenda

115 4405 156 4470 sit
178 4405 370 4491 eleemosyna
392 4405 572 4472 dioecesana
602 4425 658 4490 pro
688 4406 791 4474 missis
821 4407 928 4487 lectis,
959 4426 1000 4472 an
1021 4407 1124 4490 potius
1146 4424 1200 4490 pro
1222 4406 1356 4471 cantatis

115 4507 153 4572 ab
176 4507 340 4574 Ordinario
363 4510 561 4576 constituta?

218 4628 421 4696 Sanctitatem
457 4629 557 4696 Tuam
588 4632 662 4697 dum
693 4631 871 4716 hujusmodi
908 4632 1070 4699 dubiorum
1102 4631 1355 4717 benignissimam
